4058 5460
367 242 447 342 296
595 243 943 336 Tuncraros
978 264 1048 313 nr.
1084 245 1602 336 praecurrendi.

314 359 387 408 tant
402 339 727 418 trmdrcumliaitriae,
739 340 901 422 quomodo,
915 338 1072 417 uliam
1107 349 1196 419 optet
1211 343 1458 409 damnationem.
1479 339 1875 416 circummunientium-

311 425 362 485 do.
383 422 413 484 Si
428 419 661 489 secundomodo
679 419 1073 496 seuranoiieeauilae‚vel
1109 440 1175 500 ter,
1193 423 1213 484 fi
1230 426 1349 502 proprie
1366 423 1527 490 lunantur
1545 420 1615 486 sunt
1630 423 1715 503 iiie,
1727 449 1797 504 quae
1813 432 1878 494 alr.

313 499 561 567 tationecauilre
579 501 740 590 efficientis
757 497 1074 579 principalir‚&baec
1107 504 1181 647 ?iu'd
1205 503 1345 568 adimunt
1363 503 1401 566 de
1428 507 1585 594 gravitate
1609 509 1726 578 peccati
1757 509 1790 570 iii
1822 505 1875 574 lna

310 582 354 646 eil
369 579 597 649 circumstantia
616 601 700 659 quis,
724 599 780 646 aut
796 602 835 645 err
852 601 941 660 parte
960 577 1073 644 catilla
1178 587 1207 648 ie
1227 583 1338 660 ccliiii,
1364 600 1400 648 ut
1418 585 1441 644 li
1457 585 1521 660 quir
1534 601 1575 646 cit
1593 602 1681 646 metu
1700 588 1810 650 mortis
1837 587 1877 650 li·

311 661 574 754 insultunientalir,
603 660 637 726 dt
662 662 726 726 liaec
754 660 798 726 eli
826 659 1075 735 circumdantia,
1108 664 1177 728 dein
1194 681 1303 746 neget.
1322 662 1444 730 Eadm
1464 683 1538 728 itero
1554 662 1793 732 circumstantia
1812 669 1879 742 ‚im-

310 741 414 821 quibtir
441 742 585 818 auxiliis,
618 757 674 804 aur
693 760 734 804 ex
758 756 844 818 parte
863 743 974 804 cauilae
996 737 1074 802 lina·
1109 747 1228 822 proprie
1245 745 1374 822 lumptae
1398 743 1461 808 illae
1480 741 1573 819 sunt,
1598 763 1668 820 quae
1687 747 1733 808 ita
1776 749 1876 812 cecati

312 826 374 900 lic,
395 821 428 888 dc
449 824 512 884 lraec
530 821 573 883 cll
592 819 824 884 circumstantia
841 841 912 886 ciir.
933 821 964 881 Si
992 820 1076 882 deni·
1108 829 1298 912 gravitatem
1316 826 1518 900 imminuunt,
1539 839 1575 886 ut
1600 842 1723 888 inritent
1749 768 1879 902 speciem

310 923 368 976 que
388 905 484 964 tertio
502 899 616 979 modo,
636 901 692 990 boc
713 897 756 964 est
775 918 917 976 exparte
937 895 1077 990 effectur,
1110 905 1209 980 illius,
1236 905 1298 970 live
1329 919 1490 982 peccatum
1513 901 1552 964 de
1576 904 1701 968 mortali
1731 900 1878 970 iaciendo

308 983 371 1044 erit
388 977 617 1045 circumstantia
631 979 723 1058 quid.
743 981 822 1044 Cum
843 983 938 1058 igitur
956 997 1075 1056 excogi-
1110 985 1256 1059 veniale,-
1289 1000 1324 1047 ut
1357 981 1469 1058 siquis
1499 984 1530 1044 in
1561 982 1726 1048 homicidio
1754 981 1848 1050 invas
1864 1017 1877 1032 ·

310 1063 372 1123 tari
394 1078 524 1138 nequeat
554 1061 631 1123 aliur
655 1061 762 1124 modus
787 1059 1025 1134 circumdandi,
1041 1056 1074 1120 dt
1110 1067 1150 1130 rii
1176 1065 1290 1129 leviter
1317 1063 1447 1128 excedat
1475 1062 1671 1126 moderamen
1705 1063 1874 1142 iiiciilpita

309 1137 462 1206 afficiendi
489 1139 652 1207 moraliter
680 1140 802 1218 alium,
830 1159 892 1203 non
921 1133 1075 1215 plusquam
1109 1143 1235 1208 tutelae.

309 1219 427 1292 lentem
441 1219 503 1283 elle
520 1219 644 1296 poliunt
665 1223 798 1286 morales
820 1215 1073 1284 circumstantie.
1135 1221 1508 1302 ⁴Peccaradillinguuntur
1527 1217 1664 1298 specifice
1681 1241 1723 1286 eit
1743 1224 1872 1288 circum·

351 1299 532 1366 Notandum
549 1315 577 1378 3.
593 1297 835 1364 circumllanti'as
852 1299 1016 1375 dupliciter
1033 1290 1076 1383 es·
1110 1303 1250 1380 stantib,
1271 1323 1340 1380 qnae
1359 1301 1517 1378 specialem
1540 1299 1803 1366 deordinationem
1823 1301 1879 1368 ha·

309 1377 405 1445 licere
426 1377 507 1458 polle
534 1377 632 1442 aslum
656 1379 820 1444 moraliter
844 1398 992 1457 pravum,
1024 1375 1075 1466 seii
1109 1382 1182 1448 berit
1208 1383 1245 1445 ad
1276 1379 1387 1446 restani
1415 1383 1596 1458 rationem,
1631 1380 1877 1446 namdiiliiisiio

308 1459 422 1546 duplex
447 1455 507 1522 elle
526 1457 827 1524 circumstantiarum
849 1477 960 1536 genus.
992 1455 1074 1546 Aliae
1111 1460 1246 1540 specifica
1277 1479 1475 1538 peccatorum
1505 1453 1703 1535 desuuiitur,
1729 1478 1765 1523 ut
1801 1463 1881 1524 pigi.

309 1540 380 1604 lunt
397 1562 464 1618 quai
485 1556 608 1604 mutant
623 1537 752 1617 speciem
768 1541 914 1602 moialem
940 1553 1076 1612 peccati,
1111 1563 1200 1620 mus,
1225 1562 1244 1605 a
1262 1540 1383 1607 diverso
1402 1541 1541 1615 welpo,
1571 1539 1626 1602 seu
1646 1559 1665 1604 2
1686 1539 1805 1604 divepsg
1823 1541 1881 1604 de.

308 1621 380 1684 aliae
401 1641 469 1696 qiiae
498 1625 662 1696 minuunt,
686 1637 739 1683 aut
770 1633 940 1698 aggravant
970 1635 1077 1692 pecca·
1110 1622 1326 1698 ordinatione,
1355 1621 1418 1685 live
1448 1623 1561 1684 ccccliii
1586 1639 1604 1682 a
1632 1615 1712 1682 resta
1740 1623 1879 1683 ratione.

307 1717 377 1764 tum
392 1703 476 1767 intra
497 1701 634 1764 camdem
654 1695 801 1776 speciem.
830 1694 1076 1788 Circuuillantiae
1113 1702 1208 1780 igitur
1236 1701 1358 1778 quando
1381 1697 1503 1764 additur
1533 1693 1688 1764 diversum
1722 1703 1880 1790 motivum

307 1797 466 1844 mutantes
483 1777 611 1854 speciem
629 1779 775 1844 moralem
795 1779 936 1856 peccati,
957 1773 1076 1842 &ideo
1112 1779 1306 1857 distinctaque
1331 1779 1561 1844 deordinatioa
1592 1775 1670 1843 tetta
1696 1779 1821 1842 ratione
1841 1776 1881 1840 nb

308 1862 342 1922 in
365 1855 559 1923 Conleliione
591 1859 763 1938 aperiendae
793 1862 862 1922 lunt
893 1856 981 1931 illae,
1007 1873 1076 1930 φιτ
1111 1859 1369 1926 circuniiiantiaiu
1392 1860 1429 1924 de
1455 1877 1539 1922 novo
1563 1855 1809 1934 advenientem,
1836 1875 1874 1920 ur

307 1937 423 2004 astioni
444 1940 553 2004 morali
574 1959 677 2016 pravae
695 1937 810 2003 addunt
828 1937 979 2000 malitiam
995 1953 1075 1996 nior·
1112 1939 1189 2018 saepe
1205 1945 1378 2020 contingit,
1398 1940 1456 2002 erit
1473 1933 1591 2005 diversa
1613 1933 1722 2013 speciei
1740 1935 1873 2014 pcccati,

308 2018 429 2095 “semi
455 2015 550 2097 specle
569 2015 776 2083 dlfllssfflma
802 2017 946 2091 malitia,
977 2013 1028 2076 vel
1060 2034 1075 2074 ³
1114 2011 1880 2098 utquandoquiefiirnicaturcuniuxotata,vel

310 2096 482 2161 substantia
514 2094 597 2160 assur
620 2101 760 2174 piaecil'e,
782 2097 817 2162 dt
846 2094 981 2160 solitarie
1000 2091 1080 2156 siim*
1112 2121 1182 2164 cum
1202 2099 1340 2164 habenae
1370 2117 1480 2162 vorum
1508 2093 1659 2160 castitatis
1687 2091 1749 2159 διες
1786 2089 1879 2158 Unde

310 2179 373 2254 pti,
391 2173 443 2241 seu
460 2172 650 2241 transferunt
667 2175 766 2240 atium
783 2169 1024 2253 peccaminosum
1040 2170 1077 2236 ad
1111 2178 1343 2244 circumstantia
1359 2176 1444 2254 quis,
1468 2171 1520 2238 seu
1536 2172 1670 2251 perlonae
1687 2189 1790 2236 mutat
1811 2167 1879 2250 spe·

108 2242 114 2259 l
201 2249 215 2264 ⁴¹
308 2256 405 2320 allam
433 2255 558 2332 spetiem
607 2254 681 2318 ideli
710 2257 748 2320 ad
770 2251 900 2336 speciem
927 2251 1078 2319 diversam
1112 2261 1190 2321 ciem
1211 2261 1326 2334 pcccati
1349 2261 1381 2319 in
1402 2256 1512 2332 triplici
1537 2250 1604 2319 casu
1630 2274 1655 2314 r.
1679 2255 1711 2316 in
1739 2272 1883 2328 quatum·

310 2335 351 2400 ὦ
367 2335 439 2412 illa,
457 2357 547 2414 quam
567 2303 658 2399 lubet
678 2355 716 2399 ex
739 2339 859 2412 orontio
877 2332 1012 2406 obsessos
1042 2347 1077 2394 ut
1113 2358 1173 2412 que
1189 2342 1337 2413 iriateria,
1356 2357 1425 2400 cum
1444 2331 1569 2413 persona
1586 2330 1706 2410 speciali
1735 2330 1884 2406 vinculo,

180 2443 185 2453 ·
299 2413 333 2478 ri
364 2418 431 2492 quir
453 2415 573 2484 iuretur
599 2417 631 2477 in
650 2415 849 2490 locustam,
873 2433 949 2478 tunc
968 2409 1079 2488 species
1116 2419 1314 2494 voti‚puta‚
1335 2407 1780 2491 iuramenti,picrriffionisve
1804 2406 1883 2474 obli·

310 2491 530 2572 peccarium
560 2513 702 2574 percepta
725 2515 766 2559 ex
798 2497 922 2574 proprio
944 2485 1077 2564 obsesso,
1114 2515 1203 2576 gatut
1230 2496 1266 2558 ad
1296 2516 1358 2560 rem
1382 2495 1537 2570 aliquam,
1566 2512 1633 2567 quae
1663 2489 1805 2568 aliunde,
1830 2485 1882 2552 vel

307 2574 385 2668 idest
407 2571 661 2651 err'l'ubreptione
687 2578 730 2638 rei
752 2574 863 2640 alienat
894 2575 998 2638 invito
1014 2570 1079 2634 Do·
1113 2573 1167 2654 ipsi
1195 2576 1271 2653 loli,
1295 2575 1344 2639 vel
1362 2573 1501 2639 omnibus
1524 2571 1592 2638 aliie
1613 2585 1765 2646 praecepta
1794 2583 1880 2661 erat.

308 2673 418 2732 mino,
435 2658 552 2718 ratione
562 2654 802 2730 circumstantia
817 2655 874 2720 loci
885 2653 966 2718 Sacri
983 2670 1079 2716 tranr-
1117 2655 1155 2718 Ec
1176 2654 1206 2718 id
1230 2671 1317 2732 patet
1344 2658 1376 2718 in
1403 2673 1465 2730 eo,
1494 2653 1545 2729 qui
1572 2670 1614 2714 eir
1646 2667 1725 2712 voto
1757 2663 1882 2740 privato

310 2730 414 2796 sertui
443 2736 476 2798 in
502 2733 628 2812 speciem
656 2734 831 2815 Sacrilegii.
863 2734 935 2796 Dixi
961 2731 1080 2794 addunt
1113 2733 1173 2799 obli
1195 2751 1267 2799 atur
1290 2734 1328 2799 ad
1352 2733 1568 2804 ieiunandum,
1597 2729 1720 2806 quando
1757 2725 1805 2791 vel
1831 2726 1883 2790 alu

309 2813 458 2878 malitiam
479 2817 631 2880 mortalem
654 2813 747 2895 specte
767 2814 933 2894 distinctim
952 2807 1078 2876 a'miili'·
1118 2757 1223 2878 fideles
1243 2813 1279 2877 ad
1297 2812 1493 2900 ieiunandum
1515 2809 1713 2900 obligantur,
1746 2805 1797 2872 vel
1821 2805 1882 2882 iple

308 2891 377 2973 rii,
396 2894 450 2958 uel
463 2891 626 2976 substantia
645 2901 748 2972 auus,
767 2897 837 2972 quia
854 2888 1081 2958 circumstantia
1116 2899 1175 2958 iarn
1189 2913 1229 2956 ex
1248 2889 1429 2958 Cunfcllarii
1447 2904 1601 2968 praecepto
1615 2886 1770 2980 obligatur
1794 2899 1882 2978 erat,

314 2992 437 3038 mutans
466 2973 595 3052 speciem
620 2975 785 3052 aliquando
814 2975 897 3038 addit
924 2972 1080 3036 malitiam
1114 2973 1148 3039 dt
1169 2975 1318 3038 ieiunium
1333 2974 1470 3038 muttit.
1492 2990 1522 3032 a.
1538 2967 1574 3032 ln
1595 2987 1724 3033 materia
1739 2964 1880 3030 charita·

186 3049 194 3064 '
309 3053 459 3133 malitiae,
478 3072 513 3120 ut
529 3072 617 3132 patet
643 3059 674 3118 in
694 3051 780 3120 furto
800 3056 844 3119 rei
859 3053 988 3118 Sacraer
1007 3049 1079 3116 dum
1116 3058 1155 3118 ric
1176 3073 1246 3132 erga
1267 3055 1460 3130 proximum,
1480 3049 1501 3113 li
1522 3049 1648 3126 persona
1675 3045 1712 3110 lit
1738 3043 1880 3124 publica,

311 3133 368 3206 tali
404 3153 531 3211 peccato
558 3137 686 3199 malitia
718 3131 791 3198 furti
819 3133 903 3198 addit
928 3132 1080 3196 malitiam
1116 3130 1165 3198 seu
1191 3135 1228 3196 ad
1254 3133 1366 3210 aliquid
1392 3153 1435 3196 ex
1463 3126 1568 3196 officio
1594 3141 1756 3218 teneatur‘·
1775 3119 1881 3216 'Unde

309 3217 408 3278 etiam
423 3214 598 3293 sacrilegii.
616 3214 789 3291 Aliquando
809 3233 886 3278 vero
907 3211 991 3276 addit
1017 3231 1079 3276 nia·
1115 3213 1284 3292 Pamclius,
1302 3216 1351 3290 qui
1372 3213 1569 3276 Sacramenta
1590 3227 1653 3271 non
1670 3201 1883 3293 administrat,

312 3295 415 3358 liciam
445 3291 522 3358 ablui
552 3293 703 3359 obieuive
732 3293 832 3368 bono,
860 3309 896 3358 ut
927 3289 1017 3354 lieret
1043 3293 1079 3352 in
1115 3285 1884 3370 Magistratus‚Locorumqchubernatoree,qui

310 3371 534 3457 Eleemosyna,
559 3396 628 3450 quae
654 3373 782 3438 daretur
812 3372 924 3448 puellae
948 3373 987 3435 ad
1013 3370 1080 3432 ciue
1115 3373 1201 3452 bonis
1220 3367 1373 3449 salutique
1393 3375 1509 3438 civium
1531 3388 1597 3460 non⁸
1612 3361 1798 3460 consulunt,
1822 3378 1885 3454 ¹¹9ss

308 3452 505 3519 bonellatem
529 3451 783 3529 subvertendum
803 3451 840 3518 dt
866 3454 898 3514 in
928 3451 982 3515 tali
1010 3449 1079 3514 calu
1116 3451 1210 3517 solum
1236 3452 1436 3526 charitatem,
1461 3451 1508 3516 led
1531 3445 1677 3516 iustitiam
1695 3459 1797 3532 ellam
1817 3459 1887 3504 ΨΟ·

308 3533 424 3597 dicitur
447 3535 568 3598 variare
585 3531 712 3608 speciem
733 3531 814 3598 alius
830 3531 990 3612 primario,
1008 3527 1078 3591 idell
1116 3532 1209 3597 lant.
1234 3547 1263 3610 3.
1289 3531 1324 3595 ln
1347 3533 1479 3598 materia
1498 3527 1653 3620 castitatis
1674 3571 1684 3602 ,
1707 3525 1728 3584 ii
1758 3520 1881 3598 persona

311 3611 415 3678 dando
435 3611 514 3678 aslur'
534 3614 663 3688 primam
693 3607 821 3688 speciem
843 3615 983 3687 peccari,
1009 3631 1080 3672 cnm
1116 3611 1221 3676 multia
1244 3611 1344 3676 titulis
1367 3611 1406 3676 ad
1434 3612 1512 3674 hanc
1541 3623 1697 3696 virtutem,
1713 3618 1885 3695 teneatufi

311 3695 407 3758 vitiet
421 3740 430 3769 ,
444 3713 482 3757 ac
497 3713 630 3769 pravum
649 3690 756 3755 reddat
774 3689 873 3756 allum
890 3739 900 3766 ,
918 3692 967 3766 qui
990 3709 1031 3752 ex
1052 3690 1080 3750 l'e
1117 3711 1150 3754 or
1172 3693 1288 3756 initiati
1315 3691 1415 3756 Sacris
1440 3685 1604 3756 Ordinibus
1615 3731 1627 3777 ,·
1645 3703 1697 3760 qut
1719 3699 1857 3759 coningo
1876 3723 1888 3754 ι

309 3792 382 3837 erat
401 3769 520 3848 bonus,
541 3767 576 3836 dr
594 3787 669 3834 tunc
688 3771 926 3834 circumstantiae
944 3787 1081 3836 nontam
1118 3769 1166 3834 vel
1180 3768 1456 3850 consanguinitatis
1477 3765 1591 3848 legibus
1608 3763 1763 3855 ligantur.
1790 3759 1887 3842 Immo

311 3851 428 3916 liabent
451 3857 603 3914 rationem
620 3849 878 3927 circumstantiae,
893 3868 982 3924 quam
1001 3845 1082 3912 obie-
1118 3852 1269 3914 neminem
1290 3869 1356 3914 non
1371 3851 1471 3928 latet,
1486 3863 1643 3936 peccatum
1666 3839 1776 3916 saei³¹11³
1800 3856 1891 3902 ³0²³·

308 3929 376 4004 eti,
397 3929 481 4006 qood
499 3929 540 3996 ab
564 3928 634 3994 aliu
662 3932 695 3992 in
714 3949 826 4010 genere
849 3929 943 3992 moris
969 3925 1082 3994 diresie
1116 3928 1220 3996 biliter
1250 3934 1409 4008 aggravari
1440 3949 1479 3994 eir
1507 3923 1689 3992 conditione
1716 3917 1888 4012 ,Ρθῐῖῦζὶἓι

312 4004 492 4084 respicitur.
1117 4031 1187 4074 cum
1208 4014 1333 4090 gravius
1351 4029 1461 4086 peccet
1486 4001 1665 4080 Sacerdoi,
1694 3999 1728 4066 δι
1752 3999 1889 4088 Religio-

353 4085 603 4154 Circiimllantiae
620 4108 697 4153 vero
715 4089 897 4158 notabiliter
922 4106 1083 4170 peccatum
1118 4085 1165 4154 sus
1185 4083 1214 4152 se
1230 4088 1426 4167 inebriando,
1442 4107 1533 4164 quam
1549 4085 1661 4174 laicur.
1679 4078 1893 4172 Secundocir·

312 4183 517 4248 aggravantes
539 4168 600 4232 illae
625 4165 716 4245 sunt,
740 4191 807 4245 qua
827 4173 983 4236 malitiam
997 4188 1081 4234 mor·
1117 4165 1300 4234 comitantia
1329 4169 1418 4248 quid,
1448 4167 1511 4231 sive
1536 4159 1650 4256 obiebli
1670 4157 1799 4237 loetum
1824 4175 1893 4250 ⁰³¹¹:

310 4251 409 4314 talem
431 4249 464 4312 in
483 4248 591 4314 eadent
611 4245 711 4326 specie
734 4249 897 4328 plurimum
910 4248 1083 4328 adaugent,
1121 4267 1189 4324 tat,
1206 4264 1285 4314 'etun
1302 4245 1455 4314 obiesiuni'
1480 4245 1545 4309 sive
1568 4240 1732 4334 omnibus,
1756 4237 1820 4302 sive
1836 4235 1894 4326 alr·

308 4325 453 4392 iaciendo
472 4347 599 4405 nempe,
616 4345 652 4392 ut
675 4330 800 4394 unicum
816 4329 1083 4409 neocatutnpluri·
1118 4327 1228 4403 quibus
1259 4332 1384 4394 ratione
1414 4324 1551 4406 specifice
1581 4317 1701 4386 diuersa
1729 4315 1773 4382 est
1791 4331 1895 4412 ,vetr-

307 4407 387 4485 bus,
416 4408 467 4472 vel
497 4407 606 4472 saltem
635 4407 753 4474 duobus
782 4411 969 4475 mortalibus
987 4408 1081 4480 aqui·
1119 4425 1206 4474 tutu.
1231 4409 1315 4472 Hinc
1339 4405 1522 4488 Religiolam
1549 4418 1604 4468 aut
1630 4397 1897 4493 consanguineam

313 4486 443 4562 valeat,
471 4485 533 4552 sive
560 4489 683 4554 ratione
712 4493 899 4564 quantitatis
925 4489 1085 4562 materiae,
1117 4487 1228 4552 ducere
1246 4506 1375 4554 tentans
1402 4490 1433 4552 in
1464 4504 1612 4560 uxorem,
1641 4499 1760 4572 crimen
1786 4475 1896 4568 diecr-

312 4580 351 4630 ut
368 4562 389 4626 si
408 4569 473 4641 quir
499 4585 563 4632 tter
586 4587 693 4634 aureos
711 4567 856 4646 {uectore
879 4567 943 4632 sive
960 4569 1084 4632 xratione
1119 4566 1185 4632 sum
1214 4589 1231 4630 ii
1258 4565 1463 4634 fornicatione
1487 4565 1675 4630 committit.
1705 4559 1757 4622 Sic
1788 4558 1899 4620 dicen·

312 4645 507 4723 durationis,
537 4665 573 4712 ut
597 4646 618 4711 si
645 4651 713 4719 uuis
739 4649 935 4716 deleilationi
954 4642 1085 4712 irioiosae
1120 4645 1191 4710 dum
1210 4645 1249 4711 de
1265 4643 1350 4714 furto
1371 4651 1413 4712 tei
1429 4647 1550 4722 Sacrae,
1569 4643 1607 4708 de
1622 4635 1810 4712 perculsione
1822 4632 1900 4696 Cle·

311 4743 366 4803 per
386 4723 487 4802 plures
505 4725 594 4792 boras
615 4729 796 4809 indulgeam
816 4730 882 4794 live
901 4730 1020 4792 ratione
1041 4729 1087 4788 in-
1120 4729 1193 4803 riei,
1209 4727 1246 4792 dc
1260 4730 1444 4792 commercio
1461 4746 1530 4791 curn
1549 4723 1739 4800 coniugata,
1758 4734 1815 4782 aut
1827 4773 1831 4782 ,
1843 4730 1901 4776 et·

312 4805 489 4888 iectionis,
514 4823 549 4880 ut
577 4805 600 4870 li
623 4811 690 4904 nuic
719 4812 846 4880 inimico
861 4806 920 4878 luo
936 4825 1087 4884 artemam
1121 4807 1293 4916 iainiuxta
1313 4807 1427 4894 multoe
1446 4827 1517 4878 uim
1538 4801 1666 4885 simplici
1689 4795 1904 4944 despoggzta,
