4058 5460
397 231 746 302 Tuan-carus
780 245 846 298 na
884 227 1166 298 trecenis
1206 221 1329 294 Cae.
1364 215 1416 292 ll.'
1565 213 1639 319 28²3

128 331 316 411 vertentia,
332 329 369 396 dt
386 326 473 393 liberi
493 374 504 403 ‚
528 321 564 392 dt
582 321 742 387 secundum
765 322 890 400 gradum
927 324 1026 396 litas,
1056 337 1181 395 peccata
1208 337 1319 384 contra
1343 317 1425 396 spem
1446 313 1666 400 Theologicam
1689 368 1699 400 ,

128 413 310 480 violationis
325 411 398 490 legis
421 455 431 484 ,
450 405 598 470 alteruter
619 423 661 466 ex
678 401 795 466 duobus
814 403 891 477 prio-
926 402 1024 476 magia
1048 445 1057 474 ‚
1077 397 1231 474 supellitio
1247 401 1419 476 expressum
1448 399 1562 464 hahens
1579 399 1698 478 pastum

128 493 207 558 ribot
228 491 250 554 st
269 490 415 564 deficiat,
436 486 486 550 vel
504 484 620 548 leviter
635 483 686 545 lert
699 478 891 555 offendatur,
926 501 996 545 cum
1015 478 1185 551 Damone,
1215 480 1341 542 limonia
1358 527 1367 554 ,
1385 477 1489 544 staslio
1503 480 1602 558 Sigilli
1617 481 1700 542 Con·

128 573 251 640 malitia
269 569 387 647 peccati
406 568 453 630 ita
468 565 678 638 imminuitur,
697 579 733 624 ut
754 579 815 623 non
832 556 892 624 suf·
928 556 1078 624 fessonis.
1109 575 1137 616 a
1159 558 1288 620 Peccata
1310 558 1450 634 quadam
1466 577 1575 622 contra
1617 561 1699 622 coxi·

127 651 215 716 liciat
237 648 274 716 ad
288 646 434 713 mortale.
457 645 540 708 Hinc
558 636 677 704 desedlu
705 641 894 716 cognitionis
927 659 1030 714 mum,
1052 652 1087 700 ut
1106 635 1299 728 homicidium
1315 637 1479 715 iniussum,
1500 581 1701 702 abscillhoini·

128 753 164 798 ac
180 729 386 796 advertentiaa
408 718 542 790 excusari
568 717 690 784 solent.
711 717 895 804 ululantes
927 737 989 796 qua
1008 713 1155 792 membri,
1171 714 1311 778 duellum
1327 719 1538 780 intentatum.
1558 733 1583 796 3.
1605 717 1702 782 Deni-

130 810 288 887 septennio
302 809 434 872 minores
450 826 461 882 ;
480 804 556 878 quia
571 817 647 864 tunc
668 798 891 878 presumuntur
928 817 986 876 qne
1002 813 1133 876 peccata
1150 793 1290 870 qttadam
1309 810 1418 858 contra
1445 815 1500 858 nos
1518 841 1525 870 ‚
1553 815 1588 861 ur
1602 799 1703 862 ebrie·

129 885 327 954 sufficientem
347 887 476 951 rationis
495 878 582 944 usum
603 897 663 944 non
681 875 837 942 habuisse.
862 897 892 940 a.
929 896 1006 954 tae,
1034 872 1193 939 deledlatio
1218 892 1351 938 venerea
1377 891 1470 938 extra
1498 877 1701 955 coniugium,

131 967 320 1042 Semillulri,
338 961 625 1035 Semidorrnientea,
647 957 891 1036 itemqui‘duhi·
930 957 1085 1034 pollutio,
1123 953 1253 1030 aliaque
1288 953 1388 1030 culpat
1418 973 1586 1020 venerere.
1622 955 1701 1018 Haec

129 1064 256 1114 tantan
273 1042 461 1108 sufficienter
482 1060 504 1102 a·
516 1037 622 1102 somno
640 1038 895 1114 excitatieslent,
928 1039 1029 1100 omnia
1047 1032 1086 1099 ob
1101 1053 1242 1118 nratcuae
1262 1037 1451 1110 parvitatem
1468 1053 1626 1109 nunqnam
1641 1053 1701 1098 err-

128 1148 168 1192 an
188 1130 309 1204 egerint
328 1128 359 1187 in
376 1115 511 1198 phrenesi
526 1116 587 1183 &a
609 1119 738 1195 quiaqui
750 1135 789 1180 ex
802 1117 896 1196 plena
929 1115 1074 1180 colantur
1095 1112 1275 1190 amortali;
1291 1115 1361 1188 quia
1378 1117 1409 1176 in
1426 1115 1465 1176 iis
1476 1115 1615 1176 omnibus
1627 1112 1703 1176 sem·

129 1205 330 1270 advertentia
347 1223 364 1264 a
384 1216 461 1274 unt„
479 1195 554 1261 satia
576 1197 675 1260 sciunt
702 1193 732 1258 se
753 1216 778 1258 a.
791 1197 896 1259 somno
931 1213 983 1271 per
994 1197 1132 1258 occurrit
1143 1193 1579 1270 grauisirreverentiacontra
1592 1193 1702 1268 Deum

127 1287 283 1352 excitatos
303 1223 409 1356 smilh3
429 1281 475 1342 ita
490 1277 638 1361 Sylvius3
655 1273 711 1360 nili
728 1269 811 1338 sorte
830 1293 897 1337 mo·
933 1275 1134 1349 prox-imum,
1163 1288 1219 1335 aot
1241 1267 1386 1350 seipl‘um.
1413 1270 1505 1337 Unde
1533 1271 1704 1362 proscripta

130 1386 165 1428 ra
176 1357 520 1438 temporieohliuionem
529 1355 701 1419 induxerit.
721 1353 804 1418 Hinc
819 1354 896 1428 saepe
933 1351 993 1417 snit
1009 1349 1047 1416 ab
1067 1349 1253 1415 innocentio
1277 1349 1330 1414 xl.
1357 1349 1482 1428 sequens
1508 1355 1704 1430 propositio,

129 1443 244 1508 disium
259 1437 325 1516 est,
342 1457 446 1502 motus
467 1438 562 1512 primo
578 1439 694 1513 primos
715 1481 725 1511 ‚
750 1436 800 1508 qui
819 1453 899 1511 prte-
932 1451 1001 1508 que
1021 1449 1150 1520 nutriero
1165 1427 1210 1518 eli
1225 1447 1275 1510 ²4·
1290 1431 1400 1494 Vocare
1416 1436 1513 1496 Deum
1526 1431 1559 1496 ire
1580 1435 1704 1512 repsere,

131 1543 184 1586 ter
203 1538 328 1585 omnem
348 1519 460 1580 mentia
477 1514 706 1580 advertentiam
726 1510 900 1591 insurgunt,
934 1511 1079 1577 meam
1104 1510 1184 1574 levis
1212 1531 1268 1600 non
1295 1512 1332 1590 cpi
1361 1521 1445 1574 tenta
1475 1511 1673 1576 irreverentia
1698 1554 1708 1588 ,

130 1622 191 1664 nec
202 1599 392 1663 ullatenuta
409 1595 575 1659 voluntate
591 1592 740 1668 pendent,
762 1611 822 1656 nou
838 1593 901 1656 esse
932 1603 1047 1670 propter
1065 1609 1154 1668 quem
1169 1590 1266 1666 velet,
1285 1602 1339 1652 aut
1353 1589 1432 1672 poffit
1450 1591 1593 1654 damnare
1612 1591 1706 1654 honri·

128 1673 344 1744 secundumse
360 1673 544 1751 culpabilem
563 1689 665 1738 mortu
678 1691 752 1736 vero
770 1669 901 1736 secundo
935 1691 1018 1735 nem.
1040 1667 1119 1731 item
1140 1667 1204 1732 haec
1223 1670 1283 1732 alia
1302 1669 1339 1732 ab
1359 1669 1536 1733 Alexandro
1554 1669 1621 1732 Vll.
1650 1691 1707 1732 nu·

136 1761 278 1838 primur,
295 1755 496 1832 autaliquem
515 1801 523 1829 ,
546 1748 594 1814 sed
615 1748 819 1827 imperlestam
844 1751 897 1814 ha·
936 1769 1021 1814 tuero
1040 1763 1089 1828 ρο.
1103 1749 1156 1827 Εβ
1167 1746 1322 1834 probabilis
1330 1747 1446 1828 apricio,
1464 1769 1528 1826 quae
1557 1749 1631 1814 ditis
1651 1748 1704 1829 effe

124 1837 207 1900 laent
222 1835 447 1898 advertentiam
464 1879 475 1909 ,
495 1828 632 1898 sufficere
647 1831 770 1907 quidem
786 1832 822 1894 ad
846 1849 901 1894 ve·
936 1843 1060 1894 eentum·
1070 1827 1194 1892 veniale
1222 1827 1354 1907 osculum
1376 1827 1509 1892 dabiram
1527 1825 1561 1889 ob
1585 1829 1707 1892 merea·

128 1913 247 1978 nialem
268 1911 417 1990 culpam,
447 1931 507 1974 non
528 1927 633 1974 autem
647 1911 690 1974 ad
711 1909 899 1984 mortalemt
938 1909 1045 1974 lienem
1062 1908 1213 1972 carnalem
1233 1955 1241 1983 ,
1261 1906 1302 1974 si·
1317 1905 1483 1988 senfibism,
1498 1953 1506 1982 ‚
1522 1925 1600 1984 areae
1619 1927 1659 1972 ere
1677 1927 1708 1968 o·

124 2009 240 2056 motus
257 1991 384 2068 denique
400 1989 698 2070 l'ecundoleenndoe,
717 1985 902 2065 quales-sunt
932 1989 1012 2072 [rato
1031 1987 1129 2052 oritur
1144 2034 1155 2062 „
1166 1984 1277 2066 sachso
1290 1989 1419 2065 periculo
1443 1983 1597 2066 consensere
1624 1987 1702 2050 ulie·

132 2075 169 2134 in
187 2071 358 2151 vigilante,
376 2069 412 2134 dt
433 2069 522 2150 plcne
537 2066 582 2132 sui
603 2087 746 2146 compote
760 2089 825 2134 non
845 2087 901 2133 en·
937 2067 1044 2146 rimis,
1062 2069 1102 2134 Ψ
1116 2067 1309 2146 pollutionis.
1555 2075 1558 2080 '
1697 2077 1701 2085 '

127 2149 230 2216 colari
251 2170 269 2214 a
287 2149 574 2229 mortali,quando
593 2165 698 2216 tamen
717 2151 848 2214 materia
866 2147 902 2211 sit
974 2151 1140 2213 Peccatum
1162 2165 1238 2212 vero
1269 2144 1404 2211 mortale
1433 2165 1473 2209 ex
1504 2163 1615 2223 genere
1635 2139 1708 2222 sun,

128 2231 256 2309 gravit.
274 2229 360 2307 Ate,
379 2227 458 2305 quod
475 2227 511 2292 ad
533 2231 662 2294 mortale
685 2247 748 2292 non
769 2231 902 2304 require·
937 2224 985 2292 scd
1006 2247 1067 2292 non
1089 2243 1160 2291 toto
1178 2224 1224 2289 eil
1247 2227 1339 2307 illud,
1360 2229 1589 2290 cuiurmtteria
1604 2226 1706 2304 gravit

125 2328 188 2374 tur
203 2307 260 2372 illa
275 2309 479 2378 adverteotiae
497 2305 625 2386 species,
641 2329 731 2383 quam
741 2307 835 2384 aliqui
847 2325 903 2370 vo·
939 2329 1001 2372 non
1020 2305 1084 2382 cll,
1099 2304 1152 2368 nist
1174 2304 1213 2369 lit
1229 2311 1260 2369 in
1280 2324 1373 2372 certa
1389 2305 1526 2382 quadam
1550 2307 1707 2382 quantita·

129 2405 209 2454 cant
231 2383 470 2463 perscslislimam
494 2407 578 2466 ,qua
598 2408 661 2452 non
683 2405 807 2454 tantum
827 2405 873 2451 res
895 2431 903 2462 ,
940 2406 971 2452 te
991 2435 1000 2464 ,
1024 2387 1058 2454 dt
1080 2405 1206 2463 peccata
1227 2383 1394 2450 huiusmodi
1414 2385 1534 2460 poliunt
1552 2386 1593 2449 oh
1608 2400 1708 2446 mate·

127 2467 184 2537 sed
202 2469 298 2530 etiam
314 2463 456 2542 effedlue,
475 2466 730 2542 motiva,media
745 2462 903 2552 perspicuo
940 2471 992 2531 tiae
1014 2469 1200 2544 parvitatem
1221 2465 1289 2529 lieri
1317 2466 1473 2529 venialia.
1498 2464 1560 2528 Sed
1590 2463 1629 2528 ad
1649 2464 1708 2526 hon

129 2548 350 2623 deteguntur,
381 2543 417 2609 dt
437 2545 497 2608 diu
516 2546 752 2624 ponde-rantum
785 2564 855 2608 nam
881 2545 902 2603 li
939 2563 974 2610 ut
989 2544 1157 2622 prudenter
1176 2544 1345 2622 iudicetur,
1366 2564 1507 2620 quanam
1527 2544 1658 2607 materia
1668 2539 1706 2605 lit

127 2626 201 2690 haec
222 2622 420 2690 advertentia
440 2621 515 2686 esset
532 2624 724 2702 necessaria,
751 2626 842 2700 pauci
863 2641 902 2686 eu
940 2628 1042 2703 gratie
1068 2671 1079 2701 ,
1106 2641 1247 2698 ortanam
1268 2625 1345 2686 levia
1367 2669 1375 2698 ‚
1398 2623 1467 2689 haec
1484 2643 1546 2688 non
1566 2619 1708 2688 absolute

125 2709 168 2768 iis
188 2704 340 2780 praecipne
355 2705 406 2779 qui
427 2702 515 2766 rudes
538 2699 636 2782 sunt,
665 2719 719 2767 aut
747 2717 842 2782 agunt
865 2719 904 2763 ex
941 2719 1065 2768 tautum
1078 2700 1121 2765 eil
1135 2699 1353 2772 consideranda
1375 2750 1385 2777 ,
1404 2702 1454 2768 sed
1482 2724 1553 2770 cum
1566 2701 1709 2766 omnibus

124 2779 286 2862 passione,
302 2781 353 2846 vel
375 2783 622 2859 praecipitanter,
641 2783 816 2846 mortaliter
836 2799 903 2853 pee-
939 2778 1192 2858 circtrmssaotiia,
1206 2780 1241 2846 dt
1260 2785 1394 2845 maximo
1408 2803 1480 2846 cum
1499 2782 1655 2847 relatione
1673 2783 1709 2844 ad

124 2878 244 2928 carent
265 2882 277 2936 ,·
297 2859 345 2924 sed
366 2857 497 2938 persesla
518 2863 686 2937 requiritur
708 2860 770 2939 ‚dt
791 2856 905 2923 sufficit
941 2859 1033 2924 finem
1051 2864 1197 2938 precepti
1213 2906 1221 2937 ‚
1237 2861 1286 2926 vel
1308 2866 1602 2936 communnione,
1618 2881 1713 2937 quam

124 2941 333 3006 advertentia
354 2987 363 3014 ‚
390 2961 482 3016 quam
503 2941 574 3004 alibi
600 2936 823 3018 descripsimus.
855 2937 903 3000 Eu
941 2938 1005 3004 stre
1021 2937 1186 3025 secundnm
1207 2936 1378 3020 seipsam,
1402 2937 1468 3003 sive
1489 2933 1652 3004 secundum
1667 2936 1713 3002 es·

124 3016 255 3085 defedlu
278 3021 392 3094 pariter
424 3019 505 3096 pleni
527 3013 689 3088 ,consensus
717 3019 904 3084 excusantur
942 3015 1052 3084 sedium
1070 3016 1109 3080 ab
1129 3016 1192 3094 ipsa
1209 3015 1383 3094 produsium'
1418 3020 1597 3084 hebertum
1617 3036 1714 3082 mate·

124 3123 148 3168 a
172 3097 300 3162 mortali
321 3100 492 3169 somnes,
516 3103 567 3175 qui
584 3097 771 3165 excusantur
790 3094 905 3162 desedlu
943 3101 988 3162 ria
1009 3095 1191 3174 procedenti
1207 3096 1348 3164 eiusdem
1365 3101 1515 3164 rationis.
1533 3099 1616 3162 Hac
1631 3101 1714 3176 quim

123 3178 364 3255 advertentiae,
380 3199 451 3244 cum
461 3178 658 3244 advertentia
674 3174 711 3242 stt
723 3179 905 3256 principium
942 3180 1075 3254 roario,
1092 3177 1170 3240 sicut
1186 3177 1220 3242 dt
1240 3180 1416 3257 connexio,
1432 3179 1598 3258 aliquando
1613 3193 1716 3242 mate·

122 3279 166 3324 ac
186 3257 293 3336 tegula
307 3255 490 3322 consensus.
518 3259 609 3336 Signa
638 3277 715 3324 veto
738 3255 772 3322 dc
790 3257 905 3320 indicia
941 3261 1018 3322 tiam
1035 3277 1082 3320 eat
1098 3257 1161 3320 levi
1190 3277 1317 3336 gravem
1339 3255 1507 3336 efficiunt3
1536 3261 1619 3336 quia.
1640 3257 1713 3322 licet

123 3333 302 3414 impersetli
317 3335 482 3402 concensus
499 3342 559 3402 iam
568 3355 660 3402 antea
674 3336 744 3401 sunt
757 3334 904 3412 exposita.
941 3339 1074 3402 materia
1091 3335 1191 3400 ultimi
1223 3337 1401 3414 peccati.stt
1425 3337 1589 3403 secundum
1613 3336 1643 3401 sa
1672 3337 1717 3402 la·

122 3413 265 3482 Desedlu
290 3413 414 3480 tandem
441 3414 620 3480 sufficientis
646 3419 790 3479 materiae
822 3435 902 3490 otim·
944 3421 1016 3495 vis,
1035 3417 1157 3481 ratione
1176 3433 1282 3482 nonen
1296 3420 1498 3484 connexionis
1514 3415 1716 3488 nantoliacum

122 3497 205 3560 dam
222 3514 345 3571 peccata
366 3494 712 3560 excusanturamortali
739 3493 903 3571 ,quaedem
943 3492 1184 3573 praecedentlbm
1203 3496 1346 3562 censetur
1378 3516 1439 3562 una
1465 3519 1537 3564 tom
1562 3497 1632 3562 aliis
1651 3511 1717 3566 ma·-

122 3595 220 3650 non·,·
237 3573 317 3650 quod
334 3589 371 3638 ut
387 3575 598 3653 intelligatur.
943 3595 1000 3652 gna
1015 3573 1048 3638 dt
1066 3575 1228 3640 notabilia.
1246 3577 1330 3642 Hine
1350 3595 1377 3638 ι.
1401 3577 1501 3644 Adam
1529 3577 1716 3642 comedendo

170 3653 359 3718 Notandum
373 3699 382 3730 ,
397 3671 555 3730 peccatum
564 3653 695 3719 mortale
704 3651 832 3731 duplicis
848 3649 907 3716 elle
943 3651 1076 3716 studium
1090 3656 1227 3717 vetitum
1248 3657 1424 3721 triortaliter
1445 3660 1586 3734 peccant
1602 3679 1612 3733 ς
1643 3661 1716 3734 quia

144 3734 284 3798 enerir:
316 3732 397 3797 aliud
418 3735 460 3798 eii
480 3734 613 3800 mortale
638 3753 680 3800 ert
707 3748 775 3798 toto
794 3750 904 3810 genem
944 3734 1019 3796 iicet
1039 3729 1187 3797 comellio
1206 3737 1237 3798 in
1257 3731 1287 3798 se
1303 3733 1505 3815 effetaliquid
1521 3735 1717 3814 lovisfimum,

119 3757 219 3884 suo,
245 3809 326 3873 aliud
344 3810 389 3874 eil
406 3815 540 3878 mortale
555 3833 595 3877 ex
620 3832 730 3894 genere
745 3811 798 3875 luo
817 3859 826 3887 ,
853 3807 905 3873 sed
942 3828 1012 3877 erat
1026 3829 1139 3876 tamen.
1154 3813 1364 3894 gravisimum
1387 3818 1427 3879 in
1455 3820 1634 3881 intentione
1653 3817 1712 3881 les

42 3939 48 3950 .
118 3911 199 3960 non
232 3902 320 3952 toto.
352 3891 438 3954 Prius
458 3887 503 3954 cll
530 3891 606 3957 illud
628 3940 640 3969 ,
661 3895 750 3956 cuiue
775 3892 907 3956 materia
964 3890 1093 3957 'latoria
1112 3939 1123 3970 ‚
1143 3895 1195 3970 qui
1225 3911 1379 3958 creaturae
1415 3893 1476 3961 suae
1501 3895 1718 3960 subtefflonen

109 3965 244 4050 ''qttoail
263 3985 368 4030 omnes
381 3972 449 4032 eiua
468 3986 568 4046 partes
585 3975 631 4034 ita
651 3976 755 4052 gravis
771 3970 814 4036 eli
836 4019 844 4050 ,
870 3987 907 4035 ut
963 3991 1001 4036 oc
1021 3971 1206 4038 obedientiae
1227 3971 1293 4040 adiu
1316 3971 1476 4051 significari
1493 3976 1642 4041 volebat.
1665 3975 1713 4037 Si·

120 4047 227 4116 nulla
253 4065 293 4110 ex
323 4049 359 4108 iis
384 4046 446 4110 stne
475 4053 562 4128 gravi
591 4050 826 4116 deordinatione
853 4069 908 4116 au·
943 4052 1060 4116 militer
1089 4072 1195 4131 peccat
1222 4055 1400 4120 mortaliter
1426 4056 1461 4121 ar
1483 4055 1563 4134 ille,
1590 4059 1718 4134 qui-au·

121 4127 211 4196 serti
239 4124 274 4193 dt
303 4125 413 4192 violari
430 4145 539 4221 queat·
568 4131 696 4195 Peccata
717 4130 843 4196 huiusce
857 4149 907 4208 ge·
945 4129 1170 4198 teumsuratur
1188 4136 1330 4214 proximo
1359 4135 1434 4200 licet
1452 4137 1573 4215 diviti,
1603 4135 1638 4202 dt
1663 4139 1716 4212 qtti

120 4209 220 4276 uerit
242 4204 366 4298 poliunt
395 4207 513 4284 quidem
541 4207 603 4272 elle
627 4211 761 4275 venialia
785 4231 825 4274 ex
853 4213 908 4272 im·
943 4212 1016 4275 dum
1038 4216 1130 4278 vovit
1144 4214 1218 4277 dare
1235 4217 1346 4293 viginti
1366 4233 1527 4294 argenteos
1551 4214 1718 4296 eleemosy-
1808 4283 1810 4290 ,

122 4281 325 4368 perfetione
345 4285 550 4352 advertentiae
568 4287 816 4378 ,¹&cousensur,
833 4310 906 4354 nun·
944 4311 1016 4355 nam
1033 4291 1232 4372 pauperihus,
1251 4295 1306 4360 dat
1323 4292 1510 4360 solumnodo
1524 4294 1719 4372 quindecim

121 4385 232 4446 quam
247 4385 324 4458 vero
338 4385 378 4430 ex
398 4367 551 4446 levitate,
572 4369 622 4433 seu
638 4375 797 4446 parvitate
810 4389 908 4434 mate·
944 4377 1017 4447 quia
1044 4387 1172 4449 uterque
1200 4377 1337 4451 graviter
1363 4373 1586 4453 transgreditur
1612 4375 1685 4453 legis
1710 4422 1720 4453 ,

120 4452 189 4540 riae
202 4438 265 4522 ;&
286 4462 371 4510 inter
390 4463 515 4524 peccata
534 4447 734 4514 huiuscemodi
753 4452 908 4516 conditio·
943 4471 979 4515 ac
1000 4452 1069 4518 voti
1090 4453 1319 4531 intentionem,
1337 4453 1472 4530 eoquod
1486 4454 1721 4530 unaintendit.

121 4545 179 4592 aare
204 4522 402 4616 recensentur
421 4547 458 4591 ea
480 4532 634 4605 primum,
664 4550 733 4606 quae
764 4528 835 4594 sunt
852 4533 907 4592 im·
943 4551 981 4595 ne
1003 4531 1322 4610 proximuminter,
1350 4532 1472 4608 altera,
1492 4533 1574 4608 quod
1605 4551 1721 4600 votum

122 4599 276 4694 mediate
291 4623 408 4700 contra·
421 4605 543 4684 Deum,
564 4625 601 4672 ut
616 4610 719 4674 odium
738 4609 816 4686 Dei,
834 4606 908 4674 hlas-
942 4609 1081 4676 elicitum
1102 4612 1269 4689 impleatur
1283 4615 1315 4674 in
1336 4631 1491 4690 paupere,
1508 4616 1605 4678 iuxta
1626 4614 1722 4678 slatu-

119 4683 280 4760 phemra,
299 4701 482 4766 periurium,
503 4690 597 4752 etiam
619 4692 649 4751 in
668 4707 700 4752 re
720 4688 809 4764 levi,
834 4709 907 4752 con·
942 4708 1009 4753 tam
1027 4690 1198 4757 mensurant
1214 4711 1284 4756 eum
1301 4688 1504 4757 sublevando.
1526 4693 1723 4758 Nectetve·

120 4775 278 4840 temptut
297 4762 426 4832 diresius
445 4763 574 4848 supremi
591 4769 764 4848 Numinis,
795 4766 903 4834 infide·
943 4789 979 4836 ro
995 4773 1174 4853 operatione
1196 4769 1334 4852 opposita
1358 4775 1566 4840 communiter
1595 4773 1723 4850 loqueo·

1642 4853 1683 4920 do
