4058 5460
151 2729 384 2806 senen.
547 2751 599 2764 ·-

349 231 426 324 apo
591 221 1566 304 rnacaanuanaraceaarrcamr.

297 327 356 396 lrh·
370 323 461 394 mosi
475 323 555 391 Hoc
571 320 666 404 lane,
682 324 841 406 subiungit
858 329 982 396 rciratos
1000 324 1069 388 Au·
1102 324 1134 388 P.
1153 317 1421 392 malebranche&
1439 329 1472 392 Ρ.
1492 326 1707 398 lantonem
1722 329 1793 400 aliu
1814 335 1872 400 all.

296 412 383 486 sior,
399 423 544 487 superant
561 403 669 471 fidem.
692 406 910 474 Huiutcenrodi
932 419 1069 466 aionien·
1098 404 1224 477 qflibffl·
1242 401 1307 466 Alii
1324 405 1446 472 tndem
1469 407 1544 470 licet
1564 411 1751 490 crederent,
1771 418 1804 479 vi
1821 434 1870 481 ta·

298 509 337 555 tu
355 489 515 556 innuo-lic
532 507 703 562 opinamur
720 493 840 570 patroni
859 486 986 576 huiusce
1000 485 1068 545 len·
1100 481 1271 558 lisura,
1291 503 1383 556 aqrras
1412 485 1447 551 ilc
1472 488 1603 552 metalla
1626 491 1728 570 detegi
1762 497 1869 576 polle,

297 589 423 648 tencre,
442 589 515 634 cum
529 587 571 632 ex·
586 567 726 646 opposrt'o
746 565 864 632 nonnisi
885 561 1003 650 frivolae
1025 559 1070 624 le·
1099 565 1164 626 elur
1180 578 1284 624 tamen
1300 560 1437 628 usumolr
1453 567 1700 636 circumllantiad
1721 571 1869 638 vitiosum

296 651 443 726 vibulque
460 646 645 721 rationibur,
656 645 813 712 nulliusve
825 647 975 708 momenti
985 645 1069 705 luam
1100 641 1161 704 else
1176 640 1381 719 censuerunt,
1398 642 1432 710 ἁ
1449 643 1515 710 baec
1538 651 1646 726 opinio
1668 653 1698 713 in
1720 656 1809 730 praxi
1826 658 1870 724 air

296 747 484 806 protegant,
512 747 564 801 qur
597 729 791 791 contrarium
823 723 980 796 sentiunt,
997 741 1066 794 qu
1103 719 1287 801 Tournelp,
1305 725 1438 810 tenenda
1455 725 1520 790 eli:
1542 726 1646 792 namsi
1669 735 1869 814 naturaliter,

294 829 365 872 curn
391 809 506 876 nullius
527 807 584 871 lint
607 807 749 884 ponderis
773 853 783 884 ,
804 803 970 868 brevitatis
998 820 1066 876 gra·
1100 799 1133 864 dt
1150 795 1271 893 playsrce
1286 801 1315 862 id
1335 801 1442 879 lucrer,
1462 803 1576 898 absque
1591 813 1717 884 eoquod
1731 812 1868 876 nullate·

295 891 339 950 ria
356 889 405 954 lric
432 890 581 952 omittere
608 883 731 962 censui,
763 884 1069 950 concludendorum
1101 879 1871 968 nurinprrrorhominiaintrntrovirgaeconvcrsro·

294 966 333 1032 de
349 969 457 1048 Lugo,
470 964 734 1030 cirmnallanriarn
752 966 901 1040 temporis
915 961 987 1049 dare
998 963 1084 1035 pec-l
1100 963 1131 1021 ni
1141 955 1299 1024 conferret
1312 1005 1321 1036 ,
1336 959 1393 1025 lroc
1408 962 1531 1028 deberet
1548 983 1727 1047 contingere
1745 973 1869 1036 ancuiu·

294 1057 367 1112 cato
396 1045 548 1112 malinam
571 1045 728 1124 specialem
756 1042 910 1126 Sacrilcqii
932 1089 941 1119 ,
960 1035 1413 1151 laltcmlscunrquerunibor.
1432 1044 1537 1118 Quare
1557 1065 1629 1109 corn
1646 1053 1732 1127 virga
1754 1053 1786 1113 in
1804 1071 1871 1115 ma.
1912 1055 1915 1060 ·

293 1125 416 1192 levem,
839 1201 845 1212 ·
1067 1153 1083 1178 ·.
1100 1117 1189 1210 nibus
1221 1117 1391 1195 aliquorum
1415 1125 1466 1198 qui
1493 1141 1656 1202 antequam
1690 1147 1871 1196 moveretur

333 1203 601 1280 circumdantia,
620 1201 726 1281 quitus
750 1202 870 1267 ruxilrit
892 1249 903 1281 ,
934 1217 1004 1263 raro
1031 1197 1083 1270 dc.
1101 1218 1185 1286 qtrqa
1203 1205 1295 1261 enixe
1310 1199 1590 1287 aDcoperierunt,
1606 1207 1874 1274 orderinercrvir·

231 1349 239 1364 ,
295 1284 467 1350 n'onnifi'in
486 1281 661 1362 quibusdam
680 1283 794 1348 casabus
814 1297 913 1348 mutat
937 1279 1084 1388 speclrml
1100 1295 1147 1354 go
1164 1295 1281 1354 motus,
1303 1279 1324 1340 n
1342 1275 1423 1346 sorte
1442 1283 1521 1348 essct
1538 1285 1734 1362 aliqur'dmalt
1753 1285 1870 1367 ,depa-

294 1369 434 1446 peccatiq
455 1383 489 1430 ur
512 1363 584 1429 r.sr
612 1365 679 1438 quir
702 1360 771 1427 usus
798 1361 835 1427 srt
861 1359 1083 1424 inslrumento·
1099 1355 1177 1422 nun
1193 1377 1282 1422 ·cum
1309 1357 1495 1438 Domuum
1522 1361 1584 1438 poll
1614 1373 1823 1442 precationem
1849 1387 1869 1434 a

296 1442 471 1520 specialiter
490 1444 676 1524 &graviter
692 1445 886 1520 verito,aut
902 1439 1066 1505 cuiusunn
1100 1455 1188 1502 motu
1221 1437 1387 1503 cessaverit
1408 1441 1561 1519 „dt-boc
1589 1446 1675 1518 plura
1694 1447 1867 1526 huiusmodi

288 1523 427 1601 speciale
457 1524 570 1589 habeat
593 1541 668 1587 cum
700 1523 801 1598 aliqua
829 1524 948 1586 virture
976 1537 1064 1593 repu-
1098 1517 1297 1606 comprobant
1320 1519 1461 1597 exempla
1491 1517 1784 1591 addusla†'satre
1812 1527 1871 1592 Le·

293 1605 453 1685 g'nantiam
468 1651 475 1678 ,
493 1619 567 1680 puta
593 1601 614 1664 fi
644 1605 711 1676 quir
731 1623 801 1665 curn
828 1602 910 1664 Olco
928 1593 1068 1673 Sanslo,
1099 1595 1194 1672 brun,
1213 1593 1351 1672 sequitur
1371 1601 1558 1683 maniselle,
1574 1605 1654 1680 quod
1680 1606 1872 1686 illiusvirqar

294 1685 348 1749 uel
370 1702 450 1763 aqua
463 1679 625 1748 Benediila
647 1682 766 1758 aliquod
784 1679 1067 1754 saciuutperpetra·
1100 1673 1168 1738 usur
1192 1676 1228 1740 fit
1247 1675 1397 1753 vitiosus,
1417 1698 1453 1744 ut
1474 1681 1595 1760 pallum
1614 1679 1723 1750 saltem
1738 1689 1873 1752 tacitum

295 1767 400 1829 v‘erit.
419 1771 447 1825 2³.
470 1765 503 1826 Si
520 1767 587 1841 quis
606 1761 741 1826 aliorum
763 1776 884 1834 opera,
911 1775 964 1822 aut
985 1775 1063 1830 quae·
1099 1772 1265 1820 concurrat
1294 1777 1373 1844 cum¹
1393 1757 1545 1829 Demone
1567 1767 1664 1840 3quia
1695 1763 1763 1830 laec
1781 1771 1873 1845 virga

296 1843 398 1920 fierit,
419 1857 473 1908 aut
494 1841 669 1908 adhibuerit
692 1837 977 1912 admalumfinem3
993 1855 1066 1899 nam
1098 1851 1168 1911 qut
1182 1857 1201 1900 a
1216 1837 1597 1908 converlroneceliauerar
1619 1845 1652 1905 in
1666 1841 1803 1908 manibur
1816 1866 1873 1909 eo·

298 1923 395 1990 alium
411 1923 448 1986 ad
465 1939 628 2000 peccatum
649 1919 812 1992 inducere,
844 1935 1003 1995 peccatum
1021 1913 1066 1977 est
1101 1935 1186 1992 rum,
1206 1919 1258 1992 qni
1277 1917 1325 1978 ira
1341 1923 1461 1996 precati
1480 1917 1585 1996 suero,
1601 1922 1703 1987 denuo
1718 1928 1749 1986 in
1764 1927 1873 1986 mani·

297 2003 457 2076 scandali,
474 1997 574 2076 specie
588 1996 742 2062 diversum
770 2017 787 2062 a
806 2015 934 2075 peccato
956 2042 964 2068 ,
985 1995 1063 2070 quod
1099 1992 1152 2058 bur
1172 1993 1347 2060 emundem
1360 2003 1482 2062 moveri
1502 2005 1598 2078 coepit
1620 2051 1628 2079 ,
1647 2023 1717 2066 cum
1746 2001 1873 2068 absolu·

297 2093 318 2151 ἑ
339 2081 370 2146 se
385 2078 447 2160 ipso
468 2083 499 2142 in
517 2079 623 2141 eadem
638 2078 769 2141 materia
787 2075 893 2148 fieret,
916 2091 952 2138 ut
967 2091 1065 2137 notar
1100 2091 1133 2136 re
1149 2093 1217 2137 eam
1237 2079 1356 2137 moveri
1376 2095 1548 2158 optarunt,
1565 2079 1761 2145 abstrahendo
1784 2129 1793 2159 ,
1821 2082 1875 2148 bo·

237 2219 240 2226 .
297 2166 335 2229 de
355 2163 459 2240 Lugo.
483 2157 576 2242 Unde
589 2159 638 2232 qni
661 2153 948 2232 persuasionibus&
966 2157 1068 2230 preci·
1100 2165 1174 2216 nu'm
1194 2171 1233 2216 ne
1249 2153 1279 2216 id
1294 2155 1449 2233 eller,an
1466 2159 1715 2240 malum:&eo
1732 2164 1784 2224 vel
1803 2183 1871 2228 mn.

294 2243 351 2310 bur
368 2261 431 2318 rem
459 2253 626 2302 veneream
653 2252 840 2314 extorqueat
869 2233 1007 2308 apuella
1022 2233 1066 2297 ‘ad
1100 2235 1204 2309 xime,
1223 2234 1301 2307 quod
1322 2234 1398 2310 lapis
1417 2235 1592 2316 designatus
1618 2241 1655 2303 ad
1683 2241 1877 2306 conslituen·

293 2325 410 2392 c‘rimen
435 2339 496 2382 non
522 2333 664 2393 parata,
698 2315 774 2379 hanc
808 2312 1067 2380 circumstantiam
1100 2311 1872 2410 dunaagrilimitemntlnihabctpltysrci,qoodnon

296 2400 438 2470 confiteri
471 2395 592 2472 deber,
621 2402 664 2459 ait
690 2393 797 2459 Eibr'ra
832 2393 941 2458 amoris
976 2407 1003 2472 3.
1034 2391 1066 2453 Si
1101 2389 1405 2468 habearalrerlapit.
1429 2395 1558 2461 Unhsr
1578 2403 1748 2478 virganou
1762 2418 1871 2464 trove·

296 2485 365 2566 quia
395 2499 454 2555 ope
482 2478 653 2542 'Damonis
696 2475 833 2550 expresse
879 2473 927 2537 vel
969 2475 1067 2536 tacite
1102 2474 1248 2535 turcirca
1270 2491 1384 2551 unum,
1413 2479 1598 2541 naturaliter
1624 2484 1708 2544 circa
1735 2481 1873 2544 alterum

294 2567 439 2654 invocant
467 2557 581 2634 aliquid
618 2555 757 2632 consequi
792 2555 963 2630 volraeqit3
1000 2552 1066 2645 oq
1101 2565 1162 2642 non
1187 2570 1361 2646 moretum·
1386 2555 1467 2630 quod
1484 2561 1565 2642 enirn
1594 2557 1874 2639 physice.agit,iu

293 2641 463 2706 enimcum
478 2637 626 2704 Daenrone
643 2631 770 2710 societas
795 2653 910 2700 novum
930 2627 982 2696 cll
1005 2651 1073 2698 crt·.
1103 2629 1206 2722 uidem
1230 2631 1471 2699 circumstantiis
1497 2637 1614 2714 semper
1640 2644 1703 2717 agir
1733 2659 1745 2713 ,·
1777 2641 1874 2715 igitur

628 2756 632 2764 .
892 2737 924 2754 w
1005 2757 1009 2765 ,
1102 2729 1196 2787 virgae
1221 2709 1383 2777 conversio
1407 2712 1446 2778 ab
1473 2719 1647 2782 intentione
1665 2721 1801 2795 pendet,
1820 2719 1876 2782 ad·

307 2805 311 2814 '
338 2799 388 2865 nb
404 2797 449 2862 his
470 2795 568 2872 aliqui
586 2810 713 2871 accepta
727 2793 902 2870 occasione,
918 2789 1065 2869 &praeci-
1100 2807 1197 2881 eoque
1214 2788 1330 2870 semper
1351 2789 1575 2874 superstitiose,
1597 2795 1648 2862 scu
1665 2813 1873 2864 concurrente

296 2887 357 2957 pue
374 2876 582 2942 Tournclcius
602 2871 699 2938 solent
721 2874 892 2949 inquirere,
912 2872 981 2949 quid
1002 2867 1066 2933 serr·
1102 2883 1221 2935 virture
1240 2870 1395 2936 Damonis
1404 2891 1566 2940 moretur.
1821 2893 1825 2900 ·

259 2965 269 2985 ’
296 2959 437 3024 ciendum
452 2958 489 3022 de
506 2958 591 3034 virga
623 2951 776 3021 bisurcara
801 3001 808 3028 ,
832 2973 925 3030 quam
946 2949 1065 3015 divina·
1139 2947 1375 3016 circumstantia
1397 2971 1470 3027 car,
1487 2953 1538 3019 seu
1554 2957 1624 3020 linis
1646 2956 1761 3032 triplici
1778 2955 1873 3022 modo

298 3041 410 3107 coriam
425 3051 562 3113 vocant,
582 3037 670 3097 cuius
692 3051 749 3110 ope
781 3032 921 3096 laominer
943 3031 1066 3107 quidam
1100 3031 1280 3106 contingere
1303 3029 1419 3106 potell:
1441 3037 1556 3100 etenim
1574 3055 1600 3099 r.
1622 3036 1794 3113 aliquando
1813 3035 1871 3112 lir,
1904 3089 1908 3098 .

297 3112 418 3187 abditos
434 3121 466 3181 in
482 3133 567 3180 terra
585 3111 780 3189 Thesauros,
798 3112 950 3175 latentem
975 3127 1065 3186 pecu·
1101 3124 1137 3171 ut
1156 3107 1234 3172 aeno
1254 3109 1290 3171 de
1310 3107 1341 3172 se
1356 3109 1439 3175 bona
1459 3113 1500 3176 ad
1518 3113 1612 3179 finem
1633 3119 1870 3181 moraliterma·

298 3203 413 3276 uiam,
441 3196 756 3268 merallapaquarum
780 3187 883 3256 sontes
912 3193 943 3252 in
972 3205 1064 3253 rerrae
1102 3189 1164 3252 lum
1180 3183 1352 3263 reseratum
1375 3190 1452 3254 ursa
1468 3196 1534 3268 quis
1552 3193 1784 3274 llipemrriltuat
1798 3211 1874 3268 pau·

298 3277 464 3342 visceribus
479 3272 689 3347 absconditos,
711 3267 909 3345 transposrros
925 3287 1065 3347 agrorum
1102 3270 1182 3344 peri,
1202 3283 1239 3332 ut
1260 3270 1385 3332 eumad
1406 3267 1523 3336 forrum
1544 3273 1687 3351 inducar,
1707 3291 1780 3338 tunc
1798 3291 1872 3338 cer·

297 3358 415 3442 limites
450 3351 584 3420 fures&
606 3351 773 3426 praelertim
793 3345 1066 3424 homicidasinqui·
1102 3365 1132 3409 re
1151 3345 1381 3412 circumstantia
1410 3348 1480 3416 finis
1509 3371 1612 3419 mutar
1633 3353 1874 3431 speciemrquia

295 3455 392 3514 runt,
411 3405 637 3515 sataguntque.
656 3431 733 3494 Hace
757 3425 872 3494 lamola
902 3432 994 3506 virga
1017 3430 1065 3490 in·
1101 3422 1198 3490 aslum
1217 3447 1257 3492 ex
1278 3427 1361 3492 bono
1383 3426 1591 3496 lacrimarum
1617 3436 1779 3498 moraliter
1800 3445 1808 3494 3
1831 3431 1873 3496 Er

295 3533 394 3580 venta
410 3511 471 3582 soit
489 3511 652 3587 aquodam
672 3511 772 3590 divite
794 3505 909 3574 rullico
933 3509 965 3569 ln
984 3508 1065 3584 Pago
1103 3509 1132 3569 in
1155 3505 1308 3584 taliceio,
1322 3525 1475 3574 cumtora
1490 3509 1684 3579 malitiasrra
1697 3511 1779 3598 fine,
1797 3510 1869 3574 linia

296 3597 326 3659 S.
340 3595 453 3660 Verani
472 3595 502 3657 in
523 3586 742 3666 Delphinum,
766 3589 853 3654 cuius
878 3585 981 3653 ruslici
1010 3605 1065 3648 no·
1101 3605 1162 3650 non
1183 3603 1246 3650 ram
1260 3586 1304 3650 est
1320 3589 1564 3667 circumstantia,
1580 3607 1670 3669 quarn
1691 3591 1791 3670 iplum
1813 3607 1873 3654 ‘to-

294 3695 365 3738 men
374 3673 498 3740 lacobus
510 3672 649 3753 rapnar,
666 3665 825 3732 occasione
839 3661 991 3732 cuiusdam
1008 3665 1064 3729 lro-
1104 3683 1169 3728 tum
1189 3665 1341 3732 onice-n
1361 3667 1498 3734 tribuent
1516 3677 1645 3746 primam
1663 3674 1783 3750 peccati
1807 3689 1873 3733 ma·
1895 3719 1910 3732 .

295 3751 410 3820 r‘niciclii
433 3751 509 3828 apud
533 3749 716 3828 Lugdunum
731 3749 851 3826 patrati
874 3767 956 3810 anno
977 3749 1064 3828 1692.
1102 3746 1217 3809 liciam.
1240 3763 1269 3806 a.
1284 3747 1501 3824 Quandoram
1521 3749 1672 3818 obieslum
1692 3801 1702 3829 ,
1722 3769 1817 3827 quarn
1836 3745 1872 3812 fi·

297 3837 348 3912 qui
374 3831 525 3900 beneficio
557 3829 631 3893 talis
660 3830 756 3905 virgea
780 3825 948 3891 occisorem
977 3827 1067 3900 pnrro
1102 3827 1167 3901 nio,
1184 3845 1306 3902 propter
1325 3828 1468 3904 quemfir
1489 3827 1596 3910 allio,
1617 3832 1733 3900 habent
1759 3844 1873 3894 morta·

298 3911 365 3993 posi
386 3911 580 3980 incarcerem
594 3905 763 3988 coniesluna
776 3925 794 3984 ·,·
809 3910 892 3968 lnter
906 3903 982 3969 alios
995 3905 1067 3970 duo·
1105 3905 1166 3967 lem
1182 3907 1361 3970 malitiam.
1384 3907 1429 3970 Ea
1446 3927 1522 3973 vero
1542 3917 1594 3975 rel
1609 3910 1653 3978 esl
1670 3910 1800 3980 diversae
1810 3905 1871 3984 spe·

298 3993 418 4067 decim,
436 3993 486 4067 qui
502 4009 573 4052 cum
589 3985 652 4062 ipso
672 3983 889 4050 detinebantur
916 3988 947 4046 in
968 4005 1067 4048 carce·
1099 3987 1179 4059 cici,
1195 4001 1231 4050 ut
1252 3983 1272 4046 st
1293 3986 1506 4062 quis-Furetur
1525 3991 1564 4055 ad
1580 3991 1614 4055 se
1635 3989 1871 4063 inebriandum,

299 4065 574 4147 re,dilcrevir.Re
584 4069 667 4130 circa
677 4063 799 4128 huiusce
812 4068 906 4142 virgo
916 4066 1068 4129 uirentem
1103 4065 1153 4128 vel
1170 4061 1214 4128 esl
1233 4063 1367 4130 eiusdem
1390 4067 1496 4143 speciei
1517 4117 1526 4147 ,
1554 4087 1589 4135 ur
1615 4070 1718 4148 srquir
1738 4072 1800 4135 uni
1825 4067 1871 4131 lu-

298 4147 471 4228 evulgata,
492 4148 588 4212 variar
602 4142 688 4220 super
704 4143 837 4210 eiusdem
856 4147 1068 4220 virgarirtu·
1103 4157 1189 4210 retur
1212 4141 1354 4223 scalam,
1392 4166 1429 4211 ur
1460 4145 1522 4225 ipsa
1550 4165 1658 4216 utatur
1691 4149 1745 4236 ad,
1769 4145 1873 4212 suran-

210 4273 215 4280 -
298 4247 364 4294 rem
381 4231 461 4296 inter
484 4223 696 4303 disputandum
717 4241 797 4292 orte
817 4221 887 4288 sunt
905 4221 1069 4290 Doslorum
1102 4223 1173 4286 dum
1201 4223 1297 4292 alteri
1322 4231 1511 4305 pecuniam5
1536 4247 1669 4308 utraque
1701 4247 1806 4294 tanen
1841 4229 1874 4289 in

298 4313 437 4376 uironrm
447 4309 629 4388 opiniones.
647 4303 709 4367 Alii
722 4306 828 4368 conati
839 4299 908 4368 sunt
919 4303 1070 4386 rempby·
1102 4301 1297 4367 Confelsrone
1320 4307 1482 4386 aperienda
1508 4307 1581 4386 esl;
1610 4331 1680 4375 cum
1708 4311 1825 4388 prima,
1845 4302 1874 4366 id

297 4388 359 4456 srce
373 4389 595 4464 explicare,ut
614 4385 653 4448 D.
668 4381 704 4444 D.
717 4383 871 4461 charin,
890 4382 923 4449 or
938 4383 1070 4447 Garnicr
1103 4381 1146 4448 ell
1173 4381 1292 4448 lurtum
1310 4385 1350 4450 ob
1369 4386 1550 4454 ebrietatem
1568 4439 1576 4465 ,
1594 4399 1697 4455 muter
1714 4386 1843 4468 speciem
1863 4429 1874 4461 ,

151 4437 161 4457 ,
185 4515 189 4526 «
299 4466 480 4546 prolellores
499 4466 633 4541 Medici,
651 4482 779 4540 quorum
788 4464 894 4539 opinio
904 4462 1070 4540 approbata
1101 4465 1205 4528 'altera
1220 4471 1412 4542 aggravetur
1430 4465 1585 4550 specim.
1599 4471 1741 4534 Tandem
1753 4466 1872 4547 quando

300 4545 361 4614 suit
391 4567 410 4612 a
436 4547 610 4625 quibusdam
639 4541 845 4627 Parifienllbur
875 4541 1067 4623 Theoloqis.
1105 4541 1177 4607 linio
1195 4561 1234 4606 ert
1250 4545 1279 4607 le
1296 4563 1357 4608 non
1393 4545 1446 4612 est.
1465 4553 1630 4616 moraliter
1652 4550 1753 4614 malua
1770 4595 1779 4625 ,
1797 4543 1875 4610 allio

301 4627 366 4694 nni
384 4647 461 4692 vero
480 4625 567 4691 ulum
589 4629 684 4706 virpae
701 4643 740 4690 ex
757 4625 840 4689 omni
855 4641 945 4700 parte
960 4639 1069 4690 orma·
1105 4641 1201 4701 vero,
1218 4643 1289 4699 quw
1306 4641 1429 4704 propter
1455 4643 1531 4692 eum
1560 4627 1621 4708 fir,
1638 4627 1705 4694 save
1726 4625 1850 4693 omilno

297 4707 366 4772 lum
381 4705 601 4784 reprobarunt3
621 4712 692 4782 quia
716 4707 910 4771 crediderunt
939 4723 1071 4769 concur·
1105 4703 1148 4766 cll
1167 4704 1328 4768 moraliter
1344 4708 1453 4786 mala;
1479 4725 1516 4774 ut
1541 4709 1644 4788 srquit
1672 4712 1804 4776 omittat
1824 4723 1862 4769 ve

298 4805 369 4858 rere
387 4785 573 4868 implicitum
585 4785 705 4866 panon
719 4807 790 4854 cum
809 4785 993 4852 Daemoue·
1021 4787 1071 4854 ira
1100 4784 1258 4856 ,Divinum
1274 4785 1420 4857 Officium
1429 4834 1442 4870 ,
1460 4789 1512 4860 vel
1539 4789 1666 4860 Sacram
1694 4785 1873 4936 audirsteodic

1752 4889 1768 4936 s
1819 4913 1832 4950 r
