<?xml version="1.0" encoding="UTF-8"?>
<!DOCTYPE html PUBLIC "-//W3C//DTD XHTML 1.0 Transitional//EN"
    "http://www.w3.org/TR/xhtml1/DTD/xhtml1-transitional.dtd">
<html xmlns="http://www.w3.org/1999/xhtml" xml:lang="en" lang="en">
 <head>
  <title>
</title>
<meta http-equiv="Content-Type" content="text/html;charset=utf-8" />
  <meta name='ocr-system' content='tesseract 3.04.00' />
  <meta name='ocr-capabilities' content='ocr_page ocr_carea ocr_par ocr_line ocrx_word'/>
</head>
<body>
  <div class='ocr_page' id='page_1' title='image "./institutionesth02boragoog/institutionesth02boragoog_0326.png"; bbox 0 0 4058 5460; ppageno 0'>
   <div class='ocr_carea' id='block_1_1' title="bbox 417 171 1621 288">
    <p class='ocr_par' dir='ltr' id='par_1_1' title="bbox 417 171 1621 288">
     <span class='ocr_line' id='line_1_1' title="bbox 417 171 1621 288; baseline -0.026 -18"><span class='ocrx_word' id='word_1_1' title='bbox 417 171 1390 274; x_wconf 61' lang='lat' dir='ltr'>Tanararucoapsscorrrs·cpp,1fi</span> <span class='ocrx_word' id='word_1_2' title='bbox 1546 213 1621 288; x_wconf 79' lang='lat'>301·</span> 
     </span>
    </p>
   </div>
   <div class='ocr_carea' id='block_1_2' title="bbox 59 282 1784 3712">
    <p class='ocr_par' dir='ltr' id='par_1_2' title="bbox 59 282 1784 3712">
     <span class='ocr_line' id='line_1_2' title="bbox 116 282 1674 380; baseline -0.01 -12"><span class='ocrx_word' id='word_1_3' title='bbox 116 291 187 368; x_wconf 87' lang='lat' dir='ltr'>sdesi</span> <span class='ocrx_word' id='word_1_4' title='bbox 207 317 272 380; x_wconf 82' lang='lat' dir='ltr'>quat</span> <span class='ocrx_word' id='word_1_5' title='bbox 292 317 354 364; x_wconf 90' lang='lat' dir='ltr'>non</span> <span class='ocrx_word' id='word_1_6' title='bbox 375 295 406 362; x_wconf 84' lang='lat' dir='ltr'>se</span> <span class='ocrx_word' id='word_1_7' title='bbox 426 295 537 361; x_wconf 86' lang='lat' dir='ltr'>habent</span> <span class='ocrx_word' id='word_1_8' title='bbox 568 310 619 368; x_wconf 91' lang='lat' dir='ltr'>per</span> <span class='ocrx_word' id='word_1_9' title='bbox 642 285 765 352; x_wconf 90' lang='lat' dir='ltr'>modum</span> <span class='ocrx_word' id='word_1_10' title='bbox 784 287 874 350; x_wconf 79' lang='lat' dir='ltr'>unius</span> <span class='ocrx_word' id='word_1_11' title='bbox 911 310 1035 356; x_wconf 85' lang='lat' dir='ltr'>munem</span> <span class='ocrx_word' id='word_1_12' title='bbox 1056 282 1293 354; x_wconf 82' lang='lat' dir='ltr'>aestimationem</span> <span class='ocrx_word' id='word_1_13' title='bbox 1314 287 1489 355; x_wconf 81' lang='lat' dir='ltr'>censeretur</span> <span class='ocrx_word' id='word_1_14' title='bbox 1514 285 1674 356; x_wconf 76' lang='lat' dir='ltr'>commisis-</span> 
     </span>
     <span class='ocr_line' id='line_1_3' title="bbox 117 365 1676 457; baseline -0.008 -9"><span class='ocrx_word' id='word_1_15' title='bbox 117 380 242 456; x_wconf 76' lang='lat' dir='ltr'>obiecii,</span> <span class='ocrx_word' id='word_1_16' title='bbox 256 379 421 456; x_wconf 87' lang='lat' dir='ltr'>participat</span> <span class='ocrx_word' id='word_1_17' title='bbox 442 374 570 454; x_wconf 79' lang='lat' dir='ltr'>singulas</span> <span class='ocrx_word' id='word_1_18' title='bbox 594 389 699 433; x_wconf 89' lang='lat' dir='ltr'>eorum</span> <span class='ocrx_word' id='word_1_19' title='bbox 720 365 875 457; x_wconf 66' lang='lat' dir='ltr'>maliciae,</span> <span class='ocrx_word' id='word_1_20' title='bbox 910 368 939 435; x_wconf 92' lang='lat' dir='ltr'>se</span> <span class='ocrx_word' id='word_1_21' title='bbox 955 367 1004 434; x_wconf 84' lang='lat' dir='ltr'>serr</span> <span class='ocrx_word' id='word_1_22' title='bbox 1021 369 1205 445; x_wconf 84' lang='lat' dir='ltr'>homicidia,</span> <span class='ocrx_word' id='word_1_23' title='bbox 1222 389 1285 433; x_wconf 88' lang='lat' dir='ltr'>non</span> <span class='ocrx_word' id='word_1_24' title='bbox 1302 374 1401 434; x_wconf 80' lang='lat' dir='ltr'>minut</span> <span class='ocrx_word' id='word_1_25' title='bbox 1421 389 1455 434; x_wconf 88' lang='lat' dir='ltr'>ac</span> <span class='ocrx_word' id='word_1_26' title='bbox 1472 365 1494 432; x_wconf 82' lang='lat' dir='ltr'>fi</span> <span class='ocrx_word' id='word_1_27' title='bbox 1509 365 1561 434; x_wconf 88' lang='lat' dir='ltr'>sex</span> <span class='ocrx_word' id='word_1_28' title='bbox 1578 374 1676 436; x_wconf 81' lang='lat' dir='ltr'>inter·</span> 
     </span>
     <span class='ocr_line' id='line_1_4' title="bbox 117 443 1684 528; baseline -0.007 -3"><span class='ocrx_word' id='word_1_29' title='bbox 117 451 280 526; x_wconf 79' lang='lat' dir='ltr'>moraliter</span> <span class='ocrx_word' id='word_1_30' title='bbox 291 461 375 522; x_wconf 88' lang='lat' dir='ltr'>inter</span> <span class='ocrx_word' id='word_1_31' title='bbox 393 451 425 520; x_wconf 86' lang='lat' dir='ltr'>se</span> <span class='ocrx_word' id='word_1_32' title='bbox 439 453 587 519; x_wconf 77' lang='lat' dir='ltr'>disiindiar</span> <span class='ocrx_word' id='word_1_33' title='bbox 610 469 670 525; x_wconf 89' lang='lat' dir='ltr'>,ac</span> <span class='ocrx_word' id='word_1_34' title='bbox 691 445 817 524; x_wconf 81' lang='lat' dir='ltr'>proinde</span> <span class='ocrx_word' id='word_1_35' title='bbox 839 443 876 505; x_wconf 90' lang='lat' dir='ltr'>sr-</span> <span class='ocrx_word' id='word_1_36' title='bbox 910 447 1047 524; x_wconf 86' lang='lat' dir='ltr'>secisiec,</span> <span class='ocrx_word' id='word_1_37' title='bbox 1066 447 1197 528; x_wconf 76' lang='lat' dir='ltr'>singulos</span> <span class='ocrx_word' id='word_1_38' title='bbox 1214 459 1255 514; x_wconf 83' lang='lat' dir='ltr'>err</span> <span class='ocrx_word' id='word_1_39' title='bbox 1281 446 1401 515; x_wconf 88' lang='lat' dir='ltr'>diversa</span> <span class='ocrx_word' id='word_1_40' title='bbox 1421 445 1556 515; x_wconf 88' lang='lat' dir='ltr'>familia.</span> <span class='ocrx_word' id='word_1_41' title='bbox 1580 449 1684 514; x_wconf 67' lang='lat' dir='ltr'>immo*</span> 
     </span>
     <span class='ocr_line' id='line_1_5' title="bbox 117 524 1677 618; baseline -0.008 -11"><span class='ocrx_word' id='word_1_42' title='bbox 117 559 165 608; x_wconf 86' lang='lat' dir='ltr'>eet</span> <span class='ocrx_word' id='word_1_43' title='bbox 180 559 259 606; x_wconf 73' lang='lat' dir='ltr'>unus</span> <span class='ocrx_word' id='word_1_44' title='bbox 279 537 316 602; x_wconf 92' lang='lat' dir='ltr'>srt</span> <span class='ocrx_word' id='word_1_45' title='bbox 334 585 344 614; x_wconf 92' lang='lat'>,</span> <span class='ocrx_word' id='word_1_46' title='bbox 361 535 539 603; x_wconf 78' lang='lat' dir='ltr'>virtualiter</span> <span class='ocrx_word' id='word_1_47' title='bbox 557 577 566 608; x_wconf 92' lang='lat'><strong>‚</strong></span> <span class='ocrx_word' id='word_1_48' title='bbox 592 525 628 594; x_wconf 75' lang='grc' dir='ltr'>ἀ</span> <span class='ocrx_word' id='word_1_49' title='bbox 650 524 878 616; x_wconf 79' lang='lat' dir='ltr'>aequivalenter</span> <span class='ocrx_word' id='word_1_50' title='bbox 912 525 1176 618; x_wconf 73' lang='lat' dir='ltr'>stertintersesiic</span> <span class='ocrx_word' id='word_1_51' title='bbox 1192 527 1323 603; x_wconf 88' lang='lat' dir='ltr'>personis</span> <span class='ocrx_word' id='word_1_52' title='bbox 1340 527 1472 593; x_wconf 89' lang='lat' dir='ltr'>eiusdem</span> <span class='ocrx_word' id='word_1_53' title='bbox 1488 525 1612 596; x_wconf 78' lang='lat' dir='ltr'>samisiae</span> <span class='ocrx_word' id='word_1_54' title='bbox 1627 551 1677 594; x_wconf 86' lang='lat' dir='ltr'>re·</span> 
     </span>
     <span class='ocr_line' id='line_1_6' title="bbox 117 605 1676 696; baseline -0.009 -10"><span class='ocrx_word' id='word_1_55' title='bbox 117 619 329 696; x_wconf 78' lang='lat' dir='ltr'>htmustipsex</span> <span class='ocrx_word' id='word_1_56' title='bbox 346 613 428 680; x_wconf 77' lang='lat' dir='ltr'>aetus</span> <span class='ocrx_word' id='word_1_57' title='bbox 444 617 474 676; x_wconf 93' lang='lat' dir='ltr'>in</span> <span class='ocrx_word' id='word_1_58' title='bbox 486 627 598 692; x_wconf 79' lang='lat' dir='ltr'>genere</span> <span class='ocrx_word' id='word_1_59' title='bbox 612 611 720 671; x_wconf 82' lang='lat' dir='ltr'>morie.</span> <span class='ocrx_word' id='word_1_60' title='bbox 744 605 880 695; x_wconf 54' lang='lat' dir='ltr'>isteque</span> <span class='ocrx_word' id='word_1_61' title='bbox 912 609 1086 674; x_wconf 86' lang='lat' dir='ltr'>censeretur</span> <span class='ocrx_word' id='word_1_62' title='bbox 1107 623 1195 682; x_wconf 89' lang='lat' dir='ltr'>pater</span> <span class='ocrx_word' id='word_1_63' title='bbox 1213 606 1380 685; x_wconf 78' lang='lat' dir='ltr'>occisoris,</span> <span class='ocrx_word' id='word_1_64' title='bbox 1407 607 1542 674; x_wconf 90' lang='lat' dir='ltr'>eiusdem</span> <span class='ocrx_word' id='word_1_65' title='bbox 1572 627 1676 686; x_wconf 81' lang='lat' dir='ltr'>uxor,</span> 
     </span>
     <span class='ocr_line' id='line_1_7' title="bbox 117 683 1679 777; baseline -0.008 -13"><span class='ocrx_word' id='word_1_66' title='bbox 117 700 222 766; x_wconf 79' lang='lat' dir='ltr'>denasr</span> <span class='ocrx_word' id='word_1_67' title='bbox 245 717 371 777; x_wconf 88' lang='lat' dir='ltr'>peccata</span> <span class='ocrx_word' id='word_1_68' title='bbox 390 692 620 772; x_wconf 74' lang='lat' dir='ltr'>distinguuntur</span> <span class='ocrx_word' id='word_1_69' title='bbox 636 683 733 762; x_wconf 89' lang='lat' dir='ltr'>specie</span> <span class='ocrx_word' id='word_1_70' title='bbox 743 704 782 746; x_wconf 86' lang='lat' dir='ltr'>err</span> <span class='ocrx_word' id='word_1_71' title='bbox 797 683 879 747; x_wconf 81' lang='lat' dir='ltr'>obre·</span> <span class='ocrx_word' id='word_1_72' title='bbox 911 689 1087 754; x_wconf 77' lang='lat' dir='ltr'>Sacerdotes</span> <span class='ocrx_word' id='word_1_73' title='bbox 1109 684 1142 752; x_wconf 79' lang='lat' dir='ltr'>dt</span> <span class='ocrx_word' id='word_1_74' title='bbox 1164 687 1268 762; x_wconf 85' lang='lat' dir='ltr'>Laici,</span> <span class='ocrx_word' id='word_1_75' title='bbox 1289 705 1372 754; x_wconf 86' lang='lat' dir='ltr'>certe</span> <span class='ocrx_word' id='word_1_76' title='bbox 1392 685 1506 752; x_wconf 85' lang='lat' dir='ltr'>occisor</span> <span class='ocrx_word' id='word_1_77' title='bbox 1523 688 1679 756; x_wconf 79' lang='lat' dir='ltr'>reuresser</span> 
     </span>
     <span class='ocr_line' id='line_1_8' title="bbox 116 763 1679 857; baseline -0.006 -13"><span class='ocrx_word' id='word_1_78' title='bbox 116 780 188 857; x_wconf 76' lang='lat' dir='ltr'>arr,</span> <span class='ocrx_word' id='word_1_79' title='bbox 205 783 274 856; x_wconf 87' lang='lat' dir='ltr'>quia</span> <span class='ocrx_word' id='word_1_80' title='bbox 293 776 475 844; x_wconf 89' lang='lat' dir='ltr'>ordinantur</span> <span class='ocrx_word' id='word_1_81' title='bbox 492 771 530 836; x_wconf 91' lang='lat' dir='ltr'>ad</span> <span class='ocrx_word' id='word_1_82' title='bbox 554 769 605 831; x_wconf 84' lang='lat' dir='ltr'>issa</span> <span class='ocrx_word' id='word_1_83' title='bbox 630 781 779 857; x_wconf 75' lang='lat' dir='ltr'>quatenus</span> <span class='ocrx_word' id='word_1_84' title='bbox 809 763 879 824; x_wconf 87' lang='lat' dir='ltr'>sunt</span> <span class='ocrx_word' id='word_1_85' title='bbox 914 766 1063 847; x_wconf 83' lang='lat' dir='ltr'>parricidii</span> <span class='ocrx_word' id='word_1_86' title='bbox 1092 783 1215 844; x_wconf 83' lang='lat' dir='ltr'>propter</span> <span class='ocrx_word' id='word_1_87' title='bbox 1246 768 1396 842; x_wconf 86' lang='lat' dir='ltr'>Patrem,</span> <span class='ocrx_word' id='word_1_88' title='bbox 1418 764 1588 833; x_wconf 81' lang='lat' dir='ltr'>Uxoricidii</span> <span class='ocrx_word' id='word_1_89' title='bbox 1612 788 1679 845; x_wconf 90' lang='lat' dir='ltr'>pro·</span> 
     </span>
     <span class='ocr_line' id='line_1_9' title="bbox 116 839 1678 936; baseline -0.007 -13"><span class='ocrx_word' id='word_1_90' title='bbox 116 861 214 936; x_wconf 86' lang='lat' dir='ltr'>specie</span> <span class='ocrx_word' id='word_1_91' title='bbox 232 856 352 924; x_wconf 86' lang='lat' dir='ltr'>diversa</span> <span class='ocrx_word' id='word_1_92' title='bbox 374 877 383 931; x_wconf 87' lang='lat'><strong>;</strong></span> <span class='ocrx_word' id='word_1_93' title='bbox 408 875 480 917; x_wconf 88' lang='lat' dir='ltr'>tum</span> <span class='ocrx_word' id='word_1_94' title='bbox 498 847 676 914; x_wconf 76' lang='lat' dir='ltr'>ordinentur</span> <span class='ocrx_word' id='word_1_95' title='bbox 693 842 734 936; x_wconf 33' lang='lat' dir='ltr'>&#39;ad</span> <span class='ocrx_word' id='word_1_96' title='bbox 755 841 810 906; x_wconf 85' lang='lat' dir='ltr'>rsla</span> <span class='ocrx_word' id='word_1_97' title='bbox 825 839 880 906; x_wconf 90' lang='lat' dir='ltr'>ob·</span> <span class='ocrx_word' id='word_1_98' title='bbox 914 865 981 929; x_wconf 88' lang='lat' dir='ltr'>pter</span> <span class='ocrx_word' id='word_1_99' title='bbox 1009 845 1164 926; x_wconf 89' lang='lat' dir='ltr'>sponsam,</span> <span class='ocrx_word' id='word_1_100' title='bbox 1193 846 1347 924; x_wconf 77' lang='lat' dir='ltr'>sacrilegii</span> <span class='ocrx_word' id='word_1_101' title='bbox 1372 863 1495 922; x_wconf 82' lang='lat' dir='ltr'>propter</span> <span class='ocrx_word' id='word_1_102' title='bbox 1514 848 1678 912; x_wconf 85' lang='lat' dir='ltr'>Ciericoa:</span> 
     </span>
     <span class='ocr_line' id='line_1_10' title="bbox 117 919 1681 1018; baseline -0.008 -15"><span class='ocrx_word' id='word_1_103' title='bbox 117 937 192 1002; x_wconf 71' lang='lat' dir='ltr'>icida</span> <span class='ocrx_word' id='word_1_104' title='bbox 231 942 326 1002; x_wconf 85' lang='lat' dir='ltr'>etiarn</span> <span class='ocrx_word' id='word_1_105' title='bbox 353 953 387 998; x_wconf 93' lang='lat' dir='ltr'>ut</span> <span class='ocrx_word' id='word_1_106' title='bbox 424 932 493 995; x_wconf 87' lang='lat' dir='ltr'>sunt</span> <span class='ocrx_word' id='word_1_107' title='bbox 518 945 647 993; x_wconf 89' lang='lat' dir='ltr'>numero</span> <span class='ocrx_word' id='word_1_108' title='bbox 670 919 817 1018; x_wconf 61' lang='lat' dir='ltr'>diversa,</span> <span class='ocrx_word' id='word_1_109' title='bbox 839 919 880 1015; x_wconf 39' lang='lat' dir='ltr'>,ab</span> <span class='ocrx_word' id='word_1_110' title='bbox 914 928 1066 1004; x_wconf 84' lang='lat' dir='ltr'>quomodo</span> <span class='ocrx_word' id='word_1_111' title='bbox 1091 941 1164 1004; x_wconf 83' lang='lat' dir='ltr'>ergo</span> <span class='ocrx_word' id='word_1_112' title='bbox 1187 927 1247 988; x_wconf 90' lang='lat' dir='ltr'>dici</span> <span class='ocrx_word' id='word_1_113' title='bbox 1276 928 1389 1002; x_wconf 80' lang='lat' dir='ltr'>poterit</span> <span class='ocrx_word' id='word_1_114' title='bbox 1419 945 1480 989; x_wconf 91' lang='lat' dir='ltr'>non</span> <span class='ocrx_word' id='word_1_115' title='bbox 1512 926 1573 990; x_wconf 87' lang='lat' dir='ltr'>esse</span> <span class='ocrx_word' id='word_1_116' title='bbox 1593 945 1681 990; x_wconf 88' lang='lat' dir='ltr'>reum</span> 
     </span>
     <span class='ocr_line' id='line_1_11' title="bbox 116 1001 1682 1083; baseline -0.009 1"><span class='ocrx_word' id='word_1_117' title='bbox 116 1019 285 1083; x_wconf 88' lang='lat' dir='ltr'>eorundem</span> <span class='ocrx_word' id='word_1_118' title='bbox 319 1009 509 1080; x_wconf 80' lang='lat' dir='ltr'>obreesomm</span> <span class='ocrx_word' id='word_1_119' title='bbox 535 1006 690 1070; x_wconf 79' lang='lat' dir='ltr'>numerica</span> <span class='ocrx_word' id='word_1_120' title='bbox 714 1001 881 1065; x_wconf 76' lang='lat' dir='ltr'>distinctio·</span> <span class='ocrx_word' id='word_1_121' title='bbox 914 1007 1071 1072; x_wconf 84' lang='lat' dir='ltr'>duodecim</span> <span class='ocrx_word' id='word_1_122' title='bbox 1092 1021 1284 1083; x_wconf 81' lang='lat' dir='ltr'>peccatorum</span> <span class='ocrx_word' id='word_1_123' title='bbox 1314 1004 1504 1082; x_wconf 78' lang='lat' dir='ltr'>blasphemiae</span> <span class='ocrx_word' id='word_1_124' title='bbox 1550 1008 1580 1070; x_wconf 93' lang='lat' dir='ltr'>ui</span> <span class='ocrx_word' id='word_1_125' title='bbox 1603 1005 1682 1070; x_wconf 87' lang='lat' dir='ltr'>hanc</span> 
     </span>
     <span class='ocr_line' id='line_1_12' title="bbox 118 1027 1681 1174; baseline 0.001 -23"><span class='ocrx_word' id='word_1_126' title='bbox 118 1115 155 1164; x_wconf 73' lang='lat' dir='ltr'>ne</span> <span class='ocrx_word' id='word_1_127' title='bbox 183 1095 246 1174; x_wconf 67' lang='lat' dir='ltr'>ipsa</span> <span class='ocrx_word' id='word_1_128' title='bbox 273 1111 389 1172; x_wconf 79' lang='lat' dir='ltr'>quoque</span> <span class='ocrx_word' id='word_1_129' title='bbox 406 1106 530 1167; x_wconf 87' lang='lat' dir='ltr'>peccata</span> <span class='ocrx_word' id='word_1_130' title='bbox 550 1103 679 1149; x_wconf 89' lang='lat' dir='ltr'>numero</span> <span class='ocrx_word' id='word_1_131' title='bbox 695 1081 878 1159; x_wconf 79' lang='lat' dir='ltr'>disiinguun</span> <span class='ocrx_word' id='word_1_132' title='bbox 918 1086 1176 1164; x_wconf 85' lang='lat' dir='ltr'>prorusitcontra</span> <span class='ocrx_word' id='word_1_133' title='bbox 1195 1084 1354 1150; x_wconf 84' lang='lat' dir='ltr'>duodecim</span> <span class='ocrx_word' id='word_1_134' title='bbox 1375 1086 1403 1149; x_wconf 87' lang='grc' dir='ltr'><strong>Α</strong></span> <span class='ocrx_word' id='word_1_135' title='bbox 1423 1027 1554 1150; x_wconf 64' lang='lat' dir='ltr'>osmod</span> <span class='ocrx_word' id='word_1_136' title='bbox 1577 1083 1615 1149; x_wconf 83' lang='lat' dir='ltr'>Et</span> <span class='ocrx_word' id='word_1_137' title='bbox 1633 1087 1681 1152; x_wconf 82' lang='lat' dir='ltr'>ita</span> 
     </span>
     <span class='ocr_line' id='line_1_13' title="bbox 117 1107 1683 1253; baseline -0.009 -13"><span class='ocrx_word' id='word_1_138' title='bbox 117 1195 200 1242; x_wconf 86' lang='lat' dir='ltr'>tur.·</span> <span class='ocrx_word' id='word_1_139' title='bbox 223 1177 264 1241; x_wconf 86' lang='lat' dir='ltr'>Et</span> <span class='ocrx_word' id='word_1_140' title='bbox 278 1175 318 1240; x_wconf 90' lang='lat' dir='ltr'>src</span> <span class='ocrx_word' id='word_1_141' title='bbox 346 1167 467 1238; x_wconf 83' lang='lat' dir='ltr'>tametfi</span> <span class='ocrx_word' id='word_1_142' title='bbox 493 1161 695 1246; x_wconf 53' lang='lat' dir='ltr'>metensisfl&amp;</span> <span class='ocrx_word' id='word_1_143' title='bbox 719 1181 782 1253; x_wconf 82' lang='lat'>¹¹⁰.¹¹</span> <span class='ocrx_word' id='word_1_144' title='bbox 805 1159 881 1221; x_wconf 63' lang='lat' dir='ltr'>effes</span> <span class='ocrx_word' id='word_1_145' title='bbox 916 1167 1010 1230; x_wconf 89' lang='lat' dir='ltr'>dicito</span> <span class='ocrx_word' id='word_1_146' title='bbox 1026 1168 1063 1228; x_wconf 91' lang='lat' dir='ltr'>de</span> <span class='ocrx_word' id='word_1_147' title='bbox 1079 1187 1118 1230; x_wconf 87' lang='lat' dir='ltr'>eo</span> <span class='ocrx_word' id='word_1_148' title='bbox 1130 1213 1140 1244; x_wconf 92' lang='lat'>,</span> <span class='ocrx_word' id='word_1_149' title='bbox 1153 1168 1203 1240; x_wconf 85' lang='lat' dir='ltr'>qui</span> <span class='ocrx_word' id='word_1_150' title='bbox 1219 1165 1256 1229; x_wconf 85' lang='lat' dir='ltr'>dc</span> <span class='ocrx_word' id='word_1_151' title='bbox 1273 1167 1375 1244; x_wconf 82' lang='lat' dir='ltr'>aliqua</span> <span class='ocrx_word' id='word_1_152' title='bbox 1394 1107 1530 1244; x_wconf 60' lang='lat' dir='ltr'>sgmisia,</span> <span class='ocrx_word' id='word_1_153' title='bbox 1547 1163 1683 1230; x_wconf 84' lang='lat' dir='ltr'>vesCos·</span> 
     </span>
     <span class='ocr_line' id='line_1_14' title="bbox 87 1239 1679 1324; baseline -0.009 -3"><span class='ocrx_word' id='word_1_154' title='bbox 87 1293 89 1298; x_wconf 88' lang='lat'><em>·</em></span> <span class='ocrx_word' id='word_1_155' title='bbox 117 1257 171 1321; x_wconf 84' lang='lat' dir='ltr'>nist</span> <span class='ocrx_word' id='word_1_156' title='bbox 190 1278 284 1321; x_wconf 90' lang='lat' dir='ltr'>unum</span> <span class='ocrx_word' id='word_1_157' title='bbox 300 1270 428 1317; x_wconf 88' lang='lat' dir='ltr'>numero</span> <span class='ocrx_word' id='word_1_158' title='bbox 446 1263 633 1324; x_wconf 88' lang='lat' dir='ltr'>peccatum,</span> <span class='ocrx_word' id='word_1_159' title='bbox 657 1239 814 1304; x_wconf 71' lang='lat' dir='ltr'>moraliter</span> <span class='ocrx_word' id='word_1_160' title='bbox 826 1256 883 1300; x_wconf 69' lang='lat' dir='ltr'>,ta-</span> <span class='ocrx_word' id='word_1_161' title='bbox 917 1248 997 1324; x_wconf 79' lang='lat' dir='ltr'>legio</span> <span class='ocrx_word' id='word_1_162' title='bbox 1017 1244 1172 1321; x_wconf 82' lang='lat' dir='ltr'>detraxit,</span> <span class='ocrx_word' id='word_1_163' title='bbox 1191 1259 1298 1323; x_wconf 83' lang='lat' dir='ltr'>nempe</span> <span class='ocrx_word' id='word_1_164' title='bbox 1308 1265 1392 1309; x_wconf 89' lang='lat' dir='ltr'>reum</span> <span class='ocrx_word' id='word_1_165' title='bbox 1401 1244 1463 1308; x_wconf 86' lang='lat' dir='ltr'>esse</span> <span class='ocrx_word' id='word_1_166' title='bbox 1480 1262 1529 1309; x_wconf 91' lang='lat' dir='ltr'>tot</span> <span class='ocrx_word' id='word_1_167' title='bbox 1550 1263 1679 1308; x_wconf 88' lang='lat' dir='ltr'>numero</span> 
     </span>
     <span class='ocr_line' id='line_1_15' title="bbox 83 1316 1680 1414; baseline -0.009 -12"><span class='ocrx_word' id='word_1_168' title='bbox 83 1395 86 1400; x_wconf 92' lang='lat'><em>.</em></span> <span class='ocrx_word' id='word_1_169' title='bbox 118 1357 212 1414; x_wconf 88' lang='lat' dir='ltr'>men,</span> <span class='ocrx_word' id='word_1_170' title='bbox 230 1334 264 1399; x_wconf 78' lang='grc' dir='ltr'>δι</span> <span class='ocrx_word' id='word_1_171' title='bbox 282 1333 415 1396; x_wconf 87' lang='lat' dir='ltr'>hnmano</span> <span class='ocrx_word' id='word_1_172' title='bbox 430 1329 541 1402; x_wconf 88' lang='lat' dir='ltr'>modo,</span> <span class='ocrx_word' id='word_1_173' title='bbox 559 1318 613 1386; x_wconf 88' lang='lat' dir='ltr'>scu</span> <span class='ocrx_word' id='word_1_174' title='bbox 634 1324 665 1383; x_wconf 88' lang='lat' dir='ltr'>in</span> <span class='ocrx_word' id='word_1_175' title='bbox 677 1320 815 1396; x_wconf 78' lang='lat' dir='ltr'>prudenti</span> <span class='ocrx_word' id='word_1_176' title='bbox 830 1316 882 1379; x_wconf 77' lang='lat' dir='ltr'>ho·</span> <span class='ocrx_word' id='word_1_177' title='bbox 917 1327 1093 1400; x_wconf 83' lang='lat' dir='ltr'>cusparum,</span> <span class='ocrx_word' id='word_1_178' title='bbox 1112 1338 1186 1400; x_wconf 89' lang='lat' dir='ltr'>quot</span> <span class='ocrx_word' id='word_1_179' title='bbox 1209 1319 1278 1388; x_wconf 91' lang='lat' dir='ltr'>sunt</span> <span class='ocrx_word' id='word_1_180' title='bbox 1309 1322 1444 1404; x_wconf 79' lang='lat' dir='ltr'>personae</span> <span class='ocrx_word' id='word_1_181' title='bbox 1473 1319 1599 1389; x_wconf 81' lang='lat' dir='ltr'>samisiae</span> <span class='ocrx_word' id='word_1_182' title='bbox 1625 1324 1680 1388; x_wconf 87' lang='lat' dir='ltr'>ves</span> 
     </span>
     <span class='ocr_line' id='line_1_16' title="bbox 117 1399 1687 1490; baseline -0.01 -9"><span class='ocrx_word' id='word_1_183' title='bbox 117 1419 238 1481; x_wconf 83' lang='lat' dir='ltr'>minum</span> <span class='ocrx_word' id='word_1_184' title='bbox 254 1413 456 1478; x_wconf 85' lang='lat' dir='ltr'>tessimatione</span> <span class='ocrx_word' id='word_1_185' title='bbox 475 1405 546 1470; x_wconf 89' lang='lat' dir='ltr'>sunt</span> <span class='ocrx_word' id='word_1_186' title='bbox 567 1399 653 1490; x_wconf 58' lang='lat' dir='ltr'>plur?</span> <span class='ocrx_word' id='word_1_187' title='bbox 666 1417 795 1478; x_wconf 64' lang='lat' dir='ltr'>numero</span> <span class='ocrx_word' id='word_1_188' title='bbox 815 1415 884 1473; x_wconf 70' lang='lat'><strong>1³0⁶·</strong></span> <span class='ocrx_word' id='word_1_189' title='bbox 919 1405 1080 1482; x_wconf 78' lang='lat' dir='ltr'>Collegii;</span> <span class='ocrx_word' id='word_1_190' title='bbox 1102 1424 1171 1466; x_wconf 92' lang='lat' dir='ltr'>curn</span> <span class='ocrx_word' id='word_1_191' title='bbox 1193 1400 1297 1482; x_wconf 77' lang='lat' dir='ltr'>singuli</span> <span class='ocrx_word' id='word_1_192' title='bbox 1320 1403 1378 1484; x_wconf 77' lang='lat' dir='ltr'>sint</span> <span class='ocrx_word' id='word_1_193' title='bbox 1401 1423 1462 1466; x_wconf 90' lang='lat' dir='ltr'>non</span> <span class='ocrx_word' id='word_1_194' title='bbox 1483 1403 1579 1472; x_wconf 86' lang='lat' dir='ltr'>solum</span> <span class='ocrx_word' id='word_1_195' title='bbox 1607 1403 1687 1484; x_wconf 82' lang='lat' dir='ltr'>phy·</span> 
     </span>
     <span class='ocr_line' id='line_1_17' title="bbox 116 1473 1784 1572; baseline -0.018 -12"><span class='ocrx_word' id='word_1_196' title='bbox 116 1512 210 1572; x_wconf 88' lang='lat' dir='ltr'>cata,</span> <span class='ocrx_word' id='word_1_197' title='bbox 230 1491 302 1555; x_wconf 81' lang='lat' dir='ltr'>idest</span> <span class='ocrx_word' id='word_1_198' title='bbox 319 1495 350 1552; x_wconf 93' lang='lat' dir='ltr'>in</span> <span class='ocrx_word' id='word_1_199' title='bbox 373 1486 558 1567; x_wconf 84' lang='lat' dir='ltr'>prudentum</span> <span class='ocrx_word' id='word_1_200' title='bbox 583 1481 695 1542; x_wconf 79' lang='lat' dir='ltr'>iudicio</span> <span class='ocrx_word' id='word_1_201' title='bbox 721 1473 884 1570; x_wconf 81' lang='lat' dir='ltr'>censentur</span> <span class='ocrx_word' id='word_1_202' title='bbox 919 1485 994 1562; x_wconf 63' lang='lat' dir='ltr'>fiee,</span> <span class='ocrx_word' id='word_1_203' title='bbox 1015 1484 1062 1546; x_wconf 76' lang='lat' dir='ltr'>sed</span> <span class='ocrx_word' id='word_1_204' title='bbox 1084 1485 1182 1546; x_wconf 68' lang='lat' dir='ltr'>eriam</span> <span class='ocrx_word' id='word_1_205' title='bbox 1201 1483 1359 1546; x_wconf 66' lang='lat' dir='ltr'>moraliter</span> <span class='ocrx_word' id='word_1_206' title='bbox 1381 1483 1466 1560; x_wconf 63' lang='lat' dir='ltr'>plum</span> <span class='ocrx_word' id='word_1_207' title='bbox 1492 1481 1606 1548; x_wconf 61' lang='lat' dir='ltr'>obre&amp;</span> <span class='ocrx_word' id='word_1_208' title='bbox 1634 1498 1687 1546; x_wconf 89' lang='lat' dir='ltr'>to-·</span> <span class='ocrx_word' id='word_1_209' title='bbox 1779 1519 1784 1530; x_wconf 95' lang='lat'>.</span> 
     </span>
     <span class='ocr_line' id='line_1_18' title="bbox 116 1554 1683 1652; baseline -0.008 -14"><span class='ocrx_word' id='word_1_210' title='bbox 116 1577 209 1652; x_wconf 87' lang='lat' dir='ltr'>plura</span> <span class='ocrx_word' id='word_1_211' title='bbox 227 1589 355 1637; x_wconf 87' lang='lat' dir='ltr'>numero</span> <span class='ocrx_word' id='word_1_212' title='bbox 375 1583 504 1648; x_wconf 84' lang='lat' dir='ltr'>peccata</span> <span class='ocrx_word' id='word_1_213' title='bbox 518 1566 550 1626; x_wconf 92' lang='lat' dir='ltr'>in</span> <span class='ocrx_word' id='word_1_214' title='bbox 564 1558 785 1650; x_wconf 80' lang='lat' dir='ltr'>Sacramentasr</span> <span class='ocrx_word' id='word_1_215' title='bbox 803 1554 883 1620; x_wconf 79' lang='lat'>001¹·</span> <span class='ocrx_word' id='word_1_216' title='bbox 920 1566 1015 1639; x_wconf 86' lang='lat' dir='ltr'>talia,</span> <span class='ocrx_word' id='word_1_217' title='bbox 1035 1562 1068 1628; x_wconf 82' lang='lat' dir='ltr'>dt</span> <span class='ocrx_word' id='word_1_218' title='bbox 1085 1561 1190 1639; x_wconf 83' lang='lat' dir='ltr'>sin&#39;gusi</span> <span class='ocrx_word' id='word_1_219' title='bbox 1207 1567 1379 1638; x_wconf 84' lang='lat' dir='ltr'>proprium,</span> <span class='ocrx_word' id='word_1_220' title='bbox 1397 1583 1432 1626; x_wconf 90' lang='lat' dir='ltr'>ac</span> <span class='ocrx_word' id='word_1_221' title='bbox 1448 1557 1618 1627; x_wconf 75' lang='lat' dir='ltr'>disiinhum</span> <span class='ocrx_word' id='word_1_222' title='bbox 1636 1564 1683 1626; x_wconf 79' lang='lat' dir='ltr'>ius</span> 
     </span>
     <span class='ocr_line' id='line_1_19' title="bbox 118 1639 1684 1727; baseline -0.006 -11"><span class='ocrx_word' id='word_1_223' title='bbox 118 1649 249 1718; x_wconf 82' lang='lat' dir='ltr'>sessione</span> <span class='ocrx_word' id='word_1_224' title='bbox 269 1647 448 1727; x_wconf 77' lang='lat' dir='ltr'>aperienda.</span> <span class='ocrx_word' id='word_1_225' title='bbox 920 1643 1053 1710; x_wconf 79' lang='lat' dir='ltr'>habeant</span> <span class='ocrx_word' id='word_1_226' title='bbox 1070 1643 1109 1706; x_wconf 86' lang='lat' dir='ltr'>ad</span> <span class='ocrx_word' id='word_1_227' title='bbox 1124 1659 1229 1705; x_wconf 85' lang='lat' dir='ltr'>eorum</span> <span class='ocrx_word' id='word_1_228' title='bbox 1256 1641 1386 1706; x_wconf 87' lang='lat' dir='ltr'>samam.</span> <span class='ocrx_word' id='word_1_229' title='bbox 1407 1639 1448 1706; x_wconf 84' lang='lat' dir='ltr'>Et</span> <span class='ocrx_word' id='word_1_230' title='bbox 1476 1660 1584 1707; x_wconf 82' lang='lat' dir='ltr'>revera</span> <span class='ocrx_word' id='word_1_231' title='bbox 1611 1641 1684 1706; x_wconf 91' lang='lat' dir='ltr'>sicet</span> 
     </span>
     <span class='ocr_line' id='line_1_20' title="bbox 160 1713 1686 1802; baseline -0.007 -8"><span class='ocrx_word' id='word_1_232' title='bbox 160 1731 245 1795; x_wconf 89' lang='lat' dir='ltr'>Hinc</span> <span class='ocrx_word' id='word_1_233' title='bbox 272 1749 335 1792; x_wconf 91' lang='lat' dir='ltr'>non</span> <span class='ocrx_word' id='word_1_234' title='bbox 363 1725 461 1791; x_wconf 87' lang='lat' dir='ltr'>solum</span> <span class='ocrx_word' id='word_1_235' title='bbox 484 1723 534 1801; x_wconf 87' lang='lat' dir='ltr'>qui</span> <span class='ocrx_word' id='word_1_236' title='bbox 559 1741 611 1798; x_wconf 80' lang='lat' dir='ltr'>ptr</span> <span class='ocrx_word' id='word_1_237' title='bbox 637 1734 772 1794; x_wconf 85' lang='lat' dir='ltr'>quatuor</span> <span class='ocrx_word' id='word_1_238' title='bbox 803 1713 884 1780; x_wconf 60' lang='lat' dir='ltr'>³3¹¹ss</span> <span class='ocrx_word' id='word_1_239' title='bbox 920 1722 973 1802; x_wconf 89' lang='lat' dir='ltr'>ipsr</span> <span class='ocrx_word' id='word_1_240' title='bbox 996 1719 1159 1787; x_wconf 84' lang='lat' dir='ltr'>adversarii</span> <span class='ocrx_word' id='word_1_241' title='bbox 1179 1731 1240 1786; x_wconf 88' lang='lat' dir='ltr'>noti</span> <span class='ocrx_word' id='word_1_242' title='bbox 1256 1721 1422 1786; x_wconf 87' lang='lat' dir='ltr'>concedant</span> <span class='ocrx_word' id='word_1_243' title='bbox 1445 1721 1523 1787; x_wconf 90' lang='lat' dir='ltr'>hunc</span> <span class='ocrx_word' id='word_1_244' title='bbox 1543 1723 1686 1787; x_wconf 87' lang='lat' dir='ltr'>commit·</span> 
     </span>
     <span class='ocr_line' id='line_1_21' title="bbox 115 1797 1756 1893; baseline -0.016 -6"><span class='ocrx_word' id='word_1_245' title='bbox 115 1805 409 1893; x_wconf 69' lang='lat' dir='ltr'>Phyfioedffisnflos</span> <span class='ocrx_word' id='word_1_246' title='bbox 429 1822 563 1880; x_wconf 86' lang='lat' dir='ltr'>quatuor</span> <span class='ocrx_word' id='word_1_247' title='bbox 581 1803 698 1888; x_wconf 78' lang='lat' dir='ltr'>occidit</span> <span class='ocrx_word' id='word_1_248' title='bbox 715 1797 885 1888; x_wconf 59' lang='lat' dir='ltr'>hominii,</span> <span class='ocrx_word' id='word_1_249' title='bbox 921 1822 987 1869; x_wconf 86' lang='lat' dir='ltr'>tere</span> <span class='ocrx_word' id='word_1_250' title='bbox 1007 1799 1165 1866; x_wconf 87' lang='lat' dir='ltr'>duodecim</span> <span class='ocrx_word' id='word_1_251' title='bbox 1185 1820 1312 1878; x_wconf 76' lang='lat' dir='ltr'>peccata</span> <span class='ocrx_word' id='word_1_252' title='bbox 1372 1798 1623 1878; x_wconf 87' lang='lat' dir='ltr'>rbsasphemiam</span> <span class='ocrx_word' id='word_1_253' title='bbox 1651 1803 1684 1862; x_wconf 89' lang='lat' dir='ltr'>in</span> <span class='ocrx_word' id='word_1_254' title='bbox 1753 1812 1756 1823; x_wconf 74' lang='lat'><strong>⁴</strong></span> 
     </span>
     <span class='ocr_line' id='line_1_22' title="bbox 138 1875 1686 1959; baseline -0.006 -6"><span class='ocrx_word' id='word_1_255' title='bbox 138 1907 390 1953; x_wconf 89' lang='lat' dir='ltr'>uatuornumero</span> <span class='ocrx_word' id='word_1_256' title='bbox 404 1885 572 1948; x_wconf 89' lang='lat' dir='ltr'>committit</span> <span class='ocrx_word' id='word_1_257' title='bbox 590 1877 750 1942; x_wconf 82' lang='lat' dir='ltr'>honircrdra</span> <span class='ocrx_word' id='word_1_258' title='bbox 761 1897 792 1936; x_wconf 89' lang='lat' dir='ltr'>rn</span> <span class='ocrx_word' id='word_1_259' title='bbox 804 1875 886 1937; x_wconf 85' lang='lat' dir='ltr'>Con·</span> <span class='ocrx_word' id='word_1_260' title='bbox 922 1882 1080 1948; x_wconf 86' lang='lat' dir='ltr'>duodecim</span> <span class='ocrx_word' id='word_1_261' title='bbox 1103 1881 1290 1959; x_wconf 78' lang='lat' dir='ltr'>Aposiosot,</span> <span class='ocrx_word' id='word_1_262' title='bbox 1332 1897 1459 1945; x_wconf 85' lang='lat' dir='ltr'>arentur</span> <span class='ocrx_word' id='word_1_263' title='bbox 1480 1896 1585 1945; x_wconf 88' lang='lat' dir='ltr'>tamen</span> <span class='ocrx_word' id='word_1_264' title='bbox 1606 1879 1686 1944; x_wconf 83' lang='lat' dir='ltr'>hanc</span> 
     </span>
     <span class='ocr_line' id='line_1_23' title="bbox 150 1953 1686 2048; baseline -0.007 -16"><span class='ocrx_word' id='word_1_265' title='bbox 150 1967 245 2032; x_wconf 83' lang='lat' dir='ltr'>sfione</span> <span class='ocrx_word' id='word_1_266' title='bbox 261 1965 440 2042; x_wconf 74' lang='lat' dir='ltr'>aperienda,</span> <span class='ocrx_word' id='word_1_267' title='bbox 461 1961 509 2026; x_wconf 88' lang='lat' dir='ltr'>sed</span> <span class='ocrx_word' id='word_1_268' title='bbox 527 1961 579 2022; x_wconf 87' lang='lat' dir='ltr'>isse</span> <span class='ocrx_word' id='word_1_269' title='bbox 599 1975 738 2034; x_wconf 68' lang='lat' dir='ltr'>quoque,</span> <span class='ocrx_word' id='word_1_270' title='bbox 758 1959 808 2047; x_wconf 74' lang='lat' dir='ltr'>qus</span> <span class='ocrx_word' id='word_1_271' title='bbox 829 1975 888 2018; x_wconf 80' lang='lat' dir='ltr'>vo·</span> <span class='ocrx_word' id='word_1_272' title='bbox 921 1961 1178 2028; x_wconf 78' lang='lat' dir='ltr'>circumstantiam</span> <span class='ocrx_word' id='word_1_273' title='bbox 1195 1959 1388 2048; x_wconf 80' lang='lat' dir='ltr'>aperiendam</span> <span class='ocrx_word' id='word_1_274' title='bbox 1403 1963 1463 2025; x_wconf 87' lang='lat' dir='ltr'>esse</span> <span class='ocrx_word' id='word_1_275' title='bbox 1477 1963 1507 2024; x_wconf 92' lang='lat' dir='ltr'>in</span> <span class='ocrx_word' id='word_1_276' title='bbox 1517 1953 1686 2024; x_wconf 78' lang='lat' dir='ltr'>Confessio-</span> 
     </span>
     <span class='ocr_line' id='line_1_24' title="bbox 117 2039 1686 2131; baseline -0.005 -19"><span class='ocrx_word' id='word_1_277' title='bbox 117 2047 186 2112; x_wconf 85' lang='lat' dir='ltr'>lens</span> <span class='ocrx_word' id='word_1_278' title='bbox 208 2049 300 2110; x_wconf 91' lang='lat' dir='ltr'>unico</span> <span class='ocrx_word' id='word_1_279' title='bbox 319 2045 387 2110; x_wconf 70' lang='lat' dir='ltr'>adu</span> <span class='ocrx_word' id='word_1_280' title='bbox 410 2039 700 2131; x_wconf 23' lang='lat' dir='ltr'>quatuorxhominee</span> <span class='ocrx_word' id='word_1_281' title='bbox 719 2039 888 2127; x_wconf 75' lang='lat' dir='ltr'>occidere,</span> <span class='ocrx_word' id='word_1_282' title='bbox 923 2063 980 2118; x_wconf 73' lang='lat' dir='ltr'>ne,</span> <span class='ocrx_word' id='word_1_283' title='bbox 1000 2046 1071 2118; x_wconf 81' lang='lat' dir='ltr'>quia</span> <span class='ocrx_word' id='word_1_284' title='bbox 1089 2059 1141 2116; x_wconf 87' lang='lat' dir='ltr'>per</span> <span class='ocrx_word' id='word_1_285' title='bbox 1163 2043 1238 2118; x_wconf 83' lang='lat' dir='ltr'>ipsos</span> <span class='ocrx_word' id='word_1_286' title='bbox 1260 2039 1382 2105; x_wconf 88' lang='lat' dir='ltr'>huiusce</span> <span class='ocrx_word' id='word_1_287' title='bbox 1397 2039 1592 2118; x_wconf 69' lang='lat' dir='ltr'>blasphemie</span> <span class='ocrx_word' id='word_1_288' title='bbox 1616 2057 1686 2115; x_wconf 87' lang='lat' dir='ltr'>pec·</span> 
     </span>
     <span class='ocr_line' id='line_1_25' title="bbox 121 2114 1687 2202; baseline -0.011 0"><span class='ocrx_word' id='word_1_289' title='bbox 121 2127 159 2193; x_wconf 83' lang='lat'>&amp;</span> <span class='ocrx_word' id='word_1_290' title='bbox 182 2146 216 2190; x_wconf 70' lang='lat' dir='ltr'>re</span> <span class='ocrx_word' id='word_1_291' title='bbox 237 2126 298 2202; x_wconf 62' lang='lat' dir='ltr'>ipsa</span> <span class='ocrx_word' id='word_1_292' title='bbox 315 2128 404 2188; x_wconf 58' lang='lat' dir='ltr'>sinite</span> <span class='ocrx_word' id='word_1_293' title='bbox 424 2122 548 2196; x_wconf 64' lang='lat' dir='ltr'>*doreti</span> <span class='ocrx_word' id='word_1_294' title='bbox 566 2119 740 2196; x_wconf 59' lang='lat' dir='ltr'>0¹r¹01¹s&gt;f¹⁸</span> <span class='ocrx_word' id='word_1_295' title='bbox 756 2114 889 2188; x_wconf 68' lang='lat' dir='ltr'>0⁶c¹d¹tt</span> <span class='ocrx_word' id='word_1_296' title='bbox 922 2141 1026 2188; x_wconf 90' lang='lat' dir='ltr'>catum</span> <span class='ocrx_word' id='word_1_297' title='bbox 1042 2123 1113 2185; x_wconf 86' lang='lat' dir='ltr'>sicet</span> <span class='ocrx_word' id='word_1_298' title='bbox 1130 2142 1225 2186; x_wconf 86' lang='lat' dir='ltr'>unum</span> <span class='ocrx_word' id='word_1_299' title='bbox 1246 2117 1302 2196; x_wconf 85' lang='lat' dir='ltr'>stt,</span> <span class='ocrx_word' id='word_1_300' title='bbox 1319 2120 1475 2184; x_wconf 84' lang='lat' dir='ltr'>duodecim</span> <span class='ocrx_word' id='word_1_301' title='bbox 1493 2136 1598 2184; x_wconf 90' lang='lat' dir='ltr'>tamen</span> <span class='ocrx_word' id='word_1_302' title='bbox 1619 2137 1687 2194; x_wconf 88' lang='lat' dir='ltr'>pec·</span> 
     </span>
     <span class='ocr_line' id='line_1_26' title="bbox 116 2193 1688 2290; baseline -0.008 -18"><span class='ocrx_word' id='word_1_303' title='bbox 116 2204 189 2272; x_wconf 73' lang='lat' dir='ltr'>adiu</span> <span class='ocrx_word' id='word_1_304' title='bbox 203 2204 260 2270; x_wconf 82' lang='lat' dir='ltr'>isso</span> <span class='ocrx_word' id='word_1_305' title='bbox 275 2199 394 2290; x_wconf 77' lang='lat' dir='ltr'>physice</span> <span class='ocrx_word' id='word_1_306' title='bbox 415 2221 497 2277; x_wconf 90' lang='lat' dir='ltr'>uno,</span> <span class='ocrx_word' id='word_1_307' title='bbox 518 2196 801 2287; x_wconf 76' lang='lat' dir='ltr'>sedaequivaieuter</span> <span class='ocrx_word' id='word_1_308' title='bbox 810 2193 888 2256; x_wconf 85' lang='lat' dir='ltr'>mus·</span> <span class='ocrx_word' id='word_1_309' title='bbox 922 2206 1002 2268; x_wconf 84' lang='lat' dir='ltr'>caria</span> <span class='ocrx_word' id='word_1_310' title='bbox 1027 2199 1069 2264; x_wconf 86' lang='lat' dir='ltr'>esi</span> <span class='ocrx_word' id='word_1_311' title='bbox 1103 2201 1323 2277; x_wconf 79' lang='lat' dir='ltr'>aequivasens.</span> <span class='ocrx_word' id='word_1_312' title='bbox 1350 2198 1461 2263; x_wconf 83' lang='lat' dir='ltr'>laidem</span> <span class='ocrx_word' id='word_1_313' title='bbox 1488 2198 1634 2264; x_wconf 79' lang='lat' dir='ltr'>Sacerdos</span> <span class='ocrx_word' id='word_1_314' title='bbox 1654 2201 1688 2260; x_wconf 91' lang='lat' dir='ltr'>in</span> 
     </span>
     <span class='ocr_line' id='line_1_27' title="bbox 116 2277 1688 2364; baseline -0.005 -14"><span class='ocrx_word' id='word_1_315' title='bbox 116 2287 239 2364; x_wconf 70' lang='lat' dir='ltr'>cimici,</span> <span class='ocrx_word' id='word_1_316' title='bbox 259 2304 387 2359; x_wconf 69' lang='lat' dir='ltr'>quatuor</span> <span class='ocrx_word' id='word_1_317' title='bbox 404 2280 563 2346; x_wconf 77' lang='lat' dir='ltr'>moraliter</span> <span class='ocrx_word' id='word_1_318' title='bbox 581 2291 889 2364; x_wconf 15' lang='lat' dir='ltr'>committit-peccata</span> <span class='ocrx_word' id='word_1_319' title='bbox 924 2284 1004 2347; x_wconf 77' lang='lat' dir='ltr'>malo</span> <span class='ocrx_word' id='word_1_320' title='bbox 1033 2281 1142 2359; x_wconf 85' lang='lat' dir='ltr'>statu,</span> <span class='ocrx_word' id='word_1_321' title='bbox 1169 2279 1222 2344; x_wconf 86' lang='lat' dir='ltr'>scu</span> <span class='ocrx_word' id='word_1_322' title='bbox 1249 2301 1320 2345; x_wconf 86' lang='lat' dir='ltr'>cum</span> <span class='ocrx_word' id='word_1_323' title='bbox 1349 2278 1539 2344; x_wconf 87' lang='lat' dir='ltr'>conscientia</span> <span class='ocrx_word' id='word_1_324' title='bbox 1563 2277 1688 2342; x_wconf 81' lang='lat' dir='ltr'>lethalia</span> 
     </span>
     <span class='ocr_line' id='line_1_28' title="bbox 116 2355 1700 2445; baseline -0.007 -12"><span class='ocrx_word' id='word_1_325' title='bbox 116 2369 149 2428; x_wconf 86' lang='lat' dir='ltr'>in</span> <span class='ocrx_word' id='word_1_326' title='bbox 174 2361 370 2428; x_wconf 78' lang='lat' dir='ltr'>Consessrone</span> <span class='ocrx_word' id='word_1_327' title='bbox 385 2357 436 2424; x_wconf 82' lang='lat' dir='ltr'>sub</span> <span class='ocrx_word' id='word_1_328' title='bbox 453 2361 508 2424; x_wconf 83' lang='lat' dir='ltr'>tasi</span> <span class='ocrx_word' id='word_1_329' title='bbox 536 2377 662 2420; x_wconf 69' lang='lat' dir='ltr'>numero</span> <span class='ocrx_word' id='word_1_330' title='bbox 682 2355 888 2445; x_wconf 63' lang='lat' dir='ltr'>exshcsssdflr</span> <span class='ocrx_word' id='word_1_331' title='bbox 925 2363 1040 2440; x_wconf 84' lang='lat' dir='ltr'>peccati</span> <span class='ocrx_word' id='word_1_332' title='bbox 1070 2361 1267 2425; x_wconf 82' lang='lat' dir='ltr'>Sacramenta</span> <span class='ocrx_word' id='word_1_333' title='bbox 1296 2357 1505 2425; x_wconf 82' lang='lat' dir='ltr'>adminrssrans</span> <span class='ocrx_word' id='word_1_334' title='bbox 1533 2374 1582 2423; x_wconf 90' lang='lat' dir='ltr'>tot</span> <span class='ocrx_word' id='word_1_335' title='bbox 1604 2377 1700 2423; x_wconf 56' lang='lat' dir='ltr'>coms</span> 
     </span>
     <span class='ocr_line' id='line_1_29' title="bbox 116 2433 1689 2519; baseline -0.012 0"><span class='ocrx_word' id='word_1_336' title='bbox 116 2445 202 2509; x_wconf 83' lang='lat' dir='ltr'>stem</span> <span class='ocrx_word' id='word_1_337' title='bbox 217 2447 268 2519; x_wconf 80' lang='lat' dir='ltr'>rui</span> <span class='ocrx_word' id='word_1_338' title='bbox 288 2446 378 2506; x_wconf 78' lang='lat' dir='ltr'>unico</span> <span class='ocrx_word' id='word_1_339' title='bbox 399 2439 465 2504; x_wconf 66' lang='lat'>281¹</span> <span class='ocrx_word' id='word_1_340' title='bbox 485 2437 582 2514; x_wconf 77' lang='lat' dir='ltr'>piures</span> <span class='ocrx_word' id='word_1_341' title='bbox 602 2455 699 2510; x_wconf 74' lang='lat' dir='ltr'>oves,</span> <span class='ocrx_word' id='word_1_342' title='bbox 720 2453 773 2498; x_wconf 75' lang='lat' dir='ltr'>aur</span> <span class='ocrx_word' id='word_1_343' title='bbox 795 2433 888 2496; x_wconf 76' lang='lat' dir='ltr'>boves</span> <span class='ocrx_word' id='word_1_344' title='bbox 924 2447 1022 2516; x_wconf 69' lang='lat' dir='ltr'>mint</span> <span class='ocrx_word' id='word_1_345' title='bbox 1049 2461 1174 2516; x_wconf 74' lang='lat' dir='ltr'>peccata</span> <span class='ocrx_word' id='word_1_346' title='bbox 1195 2488 1204 2515; x_wconf 92' lang='lat'>,</span> <span class='ocrx_word' id='word_1_347' title='bbox 1225 2458 1299 2518; x_wconf 83' lang='lat' dir='ltr'>quot</span> <span class='ocrx_word' id='word_1_348' title='bbox 1321 2437 1453 2504; x_wconf 80' lang='lat' dir='ltr'>absolvit</span> <span class='ocrx_word' id='word_1_349' title='bbox 1475 2443 1689 2518; x_wconf 61' lang='lat' dir='ltr'>prenitentes,</span> 
     </span>
     <span class='ocr_line' id='line_1_30' title="bbox 115 2515 1689 2604; baseline -0.013 -2"><span class='ocrx_word' id='word_1_350' title='bbox 115 2527 258 2602; x_wconf 58' lang='lat' dir='ltr'>phitium</span> <span class='ocrx_word' id='word_1_351' title='bbox 292 2521 486 2584; x_wconf 67' lang='lat' dir='ltr'>d⁰ffls⁰0¹⁰ffl</span> <span class='ocrx_word' id='word_1_352' title='bbox 511 2515 630 2592; x_wconf 68' lang='lat' dir='ltr'>sffl&#39;dsffl</span> <span class='ocrx_word' id='word_1_353' title='bbox 648 2563 657 2591; x_wconf 68' lang='lat'><em>2</em></span> <span class='ocrx_word' id='word_1_354' title='bbox 685 2533 822 2604; x_wconf 55' lang='lat' dir='ltr'>quamvis</span> <span class='ocrx_word' id='word_1_355' title='bbox 850 2532 888 2576; x_wconf 68' lang='lat'>0¹</span> <span class='ocrx_word' id='word_1_356' title='bbox 926 2523 975 2585; x_wconf 88' lang='lat' dir='ltr'>ves</span> <span class='ocrx_word' id='word_1_357' title='bbox 1004 2521 1141 2592; x_wconf 83' lang='lat' dir='ltr'>baptizat</span> <span class='ocrx_word' id='word_1_358' title='bbox 1171 2516 1333 2594; x_wconf 78' lang='lat' dir='ltr'>infantes,</span> <span class='ocrx_word' id='word_1_359' title='bbox 1360 2519 1464 2583; x_wconf 79' lang='lat' dir='ltr'>aliave</span> <span class='ocrx_word' id='word_1_360' title='bbox 1498 2518 1689 2584; x_wconf 82' lang='lat' dir='ltr'>administrat</span> 
     </span>
     <span class='ocr_line' id='line_1_31' title="bbox 115 2591 1687 2678; baseline -0.005 -11"><span class='ocrx_word' id='word_1_361' title='bbox 115 2603 231 2668; x_wconf 89' lang='lat' dir='ltr'>eodem</span> <span class='ocrx_word' id='word_1_362' title='bbox 255 2619 364 2678; x_wconf 77' lang='lat' dir='ltr'>grege,</span> <span class='ocrx_word' id='word_1_363' title='bbox 383 2615 433 2664; x_wconf 90' lang='lat' dir='ltr'>tot</span> <span class='ocrx_word' id='word_1_364' title='bbox 460 2611 586 2676; x_wconf 88' lang='lat' dir='ltr'>peccata</span> <span class='ocrx_word' id='word_1_365' title='bbox 609 2611 737 2658; x_wconf 69' lang='lat' dir='ltr'>numero</span> <span class='ocrx_word' id='word_1_366' title='bbox 753 2591 889 2655; x_wconf 63' lang='lat' dir='ltr'>didm&amp;</span> <span class='ocrx_word' id='word_1_367' title='bbox 923 2601 1146 2675; x_wconf 73' lang='lat' dir='ltr'>Sacramenta3</span> <span class='ocrx_word' id='word_1_368' title='bbox 1169 2605 1247 2676; x_wconf 81' lang='lat' dir='ltr'>quia</span> <span class='ocrx_word' id='word_1_369' title='bbox 1271 2599 1495 2663; x_wconf 77' lang='lat' dir='ltr'>administratio</span> <span class='ocrx_word' id='word_1_370' title='bbox 1523 2603 1575 2662; x_wconf 90' lang='lat' dir='ltr'>uni</span> <span class='ocrx_word' id='word_1_371' title='bbox 1606 2593 1687 2660; x_wconf 71' lang='lat' dir='ltr'>sacha</span> 
     </span>
     <span class='ocr_line' id='line_1_32' title="bbox 114 2671 1689 2758; baseline -0.004 -12"><span class='ocrx_word' id='word_1_372' title='bbox 114 2683 410 2758; x_wconf 82' lang='lat' dir='ltr'>committit,quot</span> <span class='ocrx_word' id='word_1_373' title='bbox 432 2675 499 2740; x_wconf 90' lang='lat' dir='ltr'>sunt</span> <span class='ocrx_word' id='word_1_374' title='bbox 520 2676 658 2747; x_wconf 89' lang='lat' dir='ltr'>domini,·</span> <span class='ocrx_word' id='word_1_375' title='bbox 678 2687 746 2734; x_wconf 78' lang='lat' dir='ltr'>crem</span> <span class='ocrx_word' id='word_1_376' title='bbox 780 2671 889 2747; x_wconf 83' lang='lat' dir='ltr'>perri·</span> <span class='ocrx_word' id='word_1_377' title='bbox 926 2701 986 2744; x_wconf 88' lang='lat' dir='ltr'>non</span> <span class='ocrx_word' id='word_1_378' title='bbox 1005 2683 1103 2740; x_wconf 80' lang='lat' dir='ltr'>minua</span> <span class='ocrx_word' id='word_1_379' title='bbox 1120 2677 1253 2741; x_wconf 71' lang='lat' dir='ltr'>disirndsa</span> <span class='ocrx_word' id='word_1_380' title='bbox 1272 2677 1314 2740; x_wconf 85' lang='lat' dir='ltr'>esi</span> <span class='ocrx_word' id='word_1_381' title='bbox 1331 2674 1689 2742; x_wconf 79' lang='lat' dir='ltr'>moraliteraminisira-</span> 
     </span>
     <span class='ocr_line' id='line_1_33' title="bbox 117 2751 1691 2830; baseline -0.003 -8"><span class='ocrx_word' id='word_1_382' title='bbox 117 2763 184 2826; x_wconf 86' lang='lat' dir='ltr'>sam</span> <span class='ocrx_word' id='word_1_383' title='bbox 208 2757 355 2825; x_wconf 68' lang='lat' dir='ltr'>tunnam</span> <span class='ocrx_word' id='word_1_384' title='bbox 376 2763 442 2822; x_wconf 89' lang='lat' dir='ltr'>iura</span> <span class='ocrx_word' id='word_1_385' title='bbox 459 2755 625 2818; x_wconf 86' lang='lat' dir='ltr'>multorum</span> <span class='ocrx_word' id='word_1_386' title='bbox 642 2755 767 2815; x_wconf 80' lang='lat' dir='ltr'>realiter</span> <span class='ocrx_word' id='word_1_387' title='bbox 786 2751 820 2816; x_wconf 87' lang='lat'>&amp;</span> <span class='ocrx_word' id='word_1_388' title='bbox 833 2771 890 2814; x_wconf 78' lang='lat' dir='ltr'>nu·</span> <span class='ocrx_word' id='word_1_389' title='bbox 926 2765 1012 2822; x_wconf 89' lang='lat' dir='ltr'>tione</span> <span class='ocrx_word' id='word_1_390' title='bbox 1032 2757 1121 2818; x_wconf 88' lang='lat' dir='ltr'>alteri</span> <span class='ocrx_word' id='word_1_391' title='bbox 1147 2754 1308 2820; x_wconf 73' lang='lat' dir='ltr'>successive</span> <span class='ocrx_word' id='word_1_392' title='bbox 1321 2752 1420 2830; x_wconf 73' lang='lat' dir='ltr'>facta,</span> <span class='ocrx_word' id='word_1_393' title='bbox 1442 2755 1691 2822; x_wconf 79' lang='lat' dir='ltr'>acoccisrouniur</span> 
     </span>
     <span class='ocr_line' id='line_1_34' title="bbox 116 2830 1692 2912; baseline -0.005 -7"><span class='ocrx_word' id='word_1_394' title='bbox 116 2843 236 2905; x_wconf 89' lang='lat' dir='ltr'>merice</span> <span class='ocrx_word' id='word_1_395' title='bbox 255 2835 392 2901; x_wconf 78' lang='lat' dir='ltr'>distindia</span> <span class='ocrx_word' id='word_1_396' title='bbox 421 2833 530 2901; x_wconf 84' lang='lat' dir='ltr'>satdat.</span> <span class='ocrx_word' id='word_1_397' title='bbox 563 2835 592 2895; x_wconf 83' lang='lat' dir='ltr'>Si</span> <span class='ocrx_word' id='word_1_398' title='bbox 623 2851 698 2908; x_wconf 81' lang='lat' dir='ltr'>vero</span> <span class='ocrx_word' id='word_1_399' title='bbox 727 2830 824 2894; x_wconf 82' lang='lat' dir='ltr'>essent</span> <span class='ocrx_word' id='word_1_400' title='bbox 859 2853 890 2892; x_wconf 84' lang='lat' dir='ltr'>u·</span> <span class='ocrx_word' id='word_1_401' title='bbox 926 2838 962 2902; x_wconf 95' lang='lat' dir='ltr'>ab</span> <span class='ocrx_word' id='word_1_402' title='bbox 978 2833 1126 2900; x_wconf 77' lang='lat' dir='ltr'>occisione</span> <span class='ocrx_word' id='word_1_403' title='bbox 1147 2836 1273 2898; x_wconf 80' lang='lat' dir='ltr'>asterius</span> <span class='ocrx_word' id='word_1_404' title='bbox 1298 2833 1461 2902; x_wconf 79' lang='lat' dir='ltr'>successive</span> <span class='ocrx_word' id='word_1_405' title='bbox 1486 2855 1548 2900; x_wconf 89' lang='lat' dir='ltr'>uno</span> <span class='ocrx_word' id='word_1_406' title='bbox 1573 2841 1692 2912; x_wconf 84' lang='lat' dir='ltr'>impetu</span> 
     </span>
     <span class='ocr_line' id='line_1_35' title="bbox 113 2910 1146 2992; baseline -0.008 -8"><span class='ocrx_word' id='word_1_407' title='bbox 113 2923 190 2984; x_wconf 81' lang='lat' dir='ltr'>nius</span> <span class='ocrx_word' id='word_1_408' title='bbox 210 2917 334 2982; x_wconf 88' lang='lat' dir='ltr'>Domini</span> <span class='ocrx_word' id='word_1_409' title='bbox 355 2967 362 2992; x_wconf 97' lang='lat'>,</span> <span class='ocrx_word' id='word_1_410' title='bbox 385 2915 419 2982; x_wconf 81' lang='lat' dir='ltr'>dr</span> <span class='ocrx_word' id='word_1_411' title='bbox 448 2914 554 2978; x_wconf 84' lang='lat' dir='ltr'>eadem</span> <span class='ocrx_word' id='word_1_412' title='bbox 574 2910 661 2976; x_wconf 76' lang='lat' dir='ltr'>nodie</span> <span class='ocrx_word' id='word_1_413' title='bbox 674 2957 683 2990; x_wconf 88' lang='lat'>,</span> <span class='ocrx_word' id='word_1_414' title='bbox 697 2911 890 2990; x_wconf 83' lang='lat' dir='ltr'>psurrbuset·</span> <span class='ocrx_word' id='word_1_415' title='bbox 925 2923 979 2983; x_wconf 82' lang='lat' dir='ltr'>irae</span> <span class='ocrx_word' id='word_1_416' title='bbox 996 2935 1146 2979; x_wconf 77' lang='lat' dir='ltr'>executa.</span> 
     </span>
     <span class='ocr_line' id='line_1_36' title="bbox 59 2987 1693 3084; baseline -0.012 -22"><span class='ocrx_word' id='word_1_417' title='bbox 59 3075 63 3084; x_wconf 28' lang='grc' dir='ltr'>Ι</span> <span class='ocrx_word' id='word_1_418' title='bbox 108 2987 181 3062; x_wconf 72' lang='lat' dir='ltr'>iam</span> <span class='ocrx_word' id='word_1_419' title='bbox 207 2995 323 3060; x_wconf 80' lang='lat' dir='ltr'>vicibus</span> <span class='ocrx_word' id='word_1_420' title='bbox 344 2993 462 3058; x_wconf 82' lang='lat' dir='ltr'>furatur</span> <span class='ocrx_word' id='word_1_421' title='bbox 483 2989 578 3070; x_wconf 88' lang='lat' dir='ltr'>esset,</span> <span class='ocrx_word' id='word_1_422' title='bbox 593 3009 668 3056; x_wconf 86' lang='lat' dir='ltr'>runt</span> <span class='ocrx_word' id='word_1_423' title='bbox 684 2999 806 3055; x_wconf 88' lang='lat' dir='ltr'>unicum</span> <span class='ocrx_word' id='word_1_424' title='bbox 822 3009 888 3067; x_wconf 87' lang='lat' dir='ltr'>pec·</span> <span class='ocrx_word' id='word_1_425' title='bbox 964 2993 1139 3060; x_wconf 76' lang='lat' dir='ltr'>Difficultas</span> <span class='ocrx_word' id='word_1_426' title='bbox 1164 3010 1268 3058; x_wconf 84' lang='lat' dir='ltr'>tamen</span> <span class='ocrx_word' id='word_1_427' title='bbox 1298 3013 1358 3059; x_wconf 91' lang='lat' dir='ltr'>non</span> <span class='ocrx_word' id='word_1_428' title='bbox 1383 2995 1461 3060; x_wconf 85' lang='lat' dir='ltr'>setis</span> <span class='ocrx_word' id='word_1_429' title='bbox 1482 2991 1623 3063; x_wconf 84' lang='lat' dir='ltr'>versatur</span> <span class='ocrx_word' id='word_1_430' title='bbox 1642 2995 1693 3055; x_wconf 65' lang='lat' dir='ltr'>inc</span> 
     </span>
     <span class='ocr_line' id='line_1_37' title="bbox 112 3067 1693 3153; baseline -0.009 -2"><span class='ocrx_word' id='word_1_431' title='bbox 112 3097 229 3144; x_wconf 84' lang='lat' dir='ltr'>catum</span> <span class='ocrx_word' id='word_1_432' title='bbox 247 3081 479 3151; x_wconf 73' lang='lat' dir='ltr'>committeretr</span> <span class='ocrx_word' id='word_1_433' title='bbox 499 3078 568 3149; x_wconf 73' lang='lat' dir='ltr'>ruia</span> <span class='ocrx_word' id='word_1_434' title='bbox 586 3067 670 3139; x_wconf 80' lang='lat' dir='ltr'>surra</span> <span class='ocrx_word' id='word_1_435' title='bbox 685 3093 750 3136; x_wconf 93' lang='lat' dir='ltr'>non</span> <span class='ocrx_word' id='word_1_436' title='bbox 771 3068 890 3134; x_wconf 86' lang='lat' dir='ltr'>discon·</span> <span class='ocrx_word' id='word_1_437' title='bbox 926 3095 975 3140; x_wconf 87' lang='lat' dir='ltr'>ter</span> <span class='ocrx_word' id='word_1_438' title='bbox 1001 3075 1178 3153; x_wconf 79' lang='lat' dir='ltr'>Theosogos</span> <span class='ocrx_word' id='word_1_439' title='bbox 1205 3080 1285 3138; x_wconf 88' lang='lat' dir='ltr'>circa</span> <span class='ocrx_word' id='word_1_440' title='bbox 1314 3075 1606 3138; x_wconf 71' lang='lat' dir='ltr'>administrationem</span> <span class='ocrx_word' id='word_1_441' title='bbox 1627 3072 1693 3138; x_wconf 79' lang='lat' dir='ltr'>Etr-¹</span> 
     </span>
     <span class='ocr_line' id='line_1_38' title="bbox 113 3146 1692 3232; baseline -0.004 -10"><span class='ocrx_word' id='word_1_442' title='bbox 113 3159 307 3231; x_wconf 73' lang='lat' dir='ltr'>rimantur,</span> <span class='ocrx_word' id='word_1_443' title='bbox 328 3154 362 3221; x_wconf 82' lang='lat' dir='ltr'>dt</span> <span class='ocrx_word' id='word_1_444' title='bbox 382 3155 457 3220; x_wconf 76' lang='lat' dir='ltr'>asiae</span> <span class='ocrx_word' id='word_1_445' title='bbox 478 3151 547 3216; x_wconf 87' lang='lat' dir='ltr'>sunt</span> <span class='ocrx_word' id='word_1_446' title='bbox 561 3165 677 3228; x_wconf 75' lang='lat' dir='ltr'>‘parter</span> <span class='ocrx_word' id='word_1_447' title='bbox 706 3155 794 3215; x_wconf 77' lang='lat' dir='ltr'>unius</span> <span class='ocrx_word' id='word_1_448' title='bbox 814 3146 888 3214; x_wconf 86' lang='lat' dir='ltr'>sorti</span> <span class='ocrx_word' id='word_1_449' title='bbox 925 3155 1074 3224; x_wconf 82' lang='lat' dir='ltr'>charissiae</span> <span class='ocrx_word' id='word_1_450' title='bbox 1091 3155 1227 3232; x_wconf 79' lang='lat' dir='ltr'>pluribus</span> <span class='ocrx_word' id='word_1_451' title='bbox 1254 3151 1363 3218; x_wconf 74' lang='lat' dir='ltr'>seciam</span> <span class='ocrx_word' id='word_1_452' title='bbox 1381 3156 1486 3226; x_wconf 82' lang='lat' dir='ltr'>eadem</span> <span class='ocrx_word' id='word_1_453' title='bbox 1513 3150 1670 3218; x_wconf 77' lang='lat' dir='ltr'>occasione</span> <span class='ocrx_word' id='word_1_454' title='bbox 1680 3160 1692 3214; x_wconf 84' lang='lat'>.&#39;</span> 
     </span>
     <span class='ocr_line' id='line_1_39' title="bbox 115 3229 1695 3311; baseline -0.008 0"><span class='ocrx_word' id='word_1_455' title='bbox 115 3236 269 3311; x_wconf 70' lang='lat' dir='ltr'>totalisr</span> <span class='ocrx_word' id='word_1_456' title='bbox 300 3257 371 3299; x_wconf 78' lang='lat' dir='ltr'>cum</span> <span class='ocrx_word' id='word_1_457' title='bbox 392 3233 512 3300; x_wconf 77' lang='lat' dir='ltr'>nonnisi</span> <span class='ocrx_word' id='word_1_458' title='bbox 544 3253 637 3296; x_wconf 76' lang='lat' dir='ltr'>unna</span> <span class='ocrx_word' id='word_1_459' title='bbox 664 3235 711 3297; x_wconf 81' lang='lat' dir='ltr'>irs</span> <span class='ocrx_word' id='word_1_460' title='bbox 732 3231 889 3297; x_wconf 76' lang='lat' dir='ltr'>laedatur·</span> <span class='ocrx_word' id='word_1_461' title='bbox 927 3236 1064 3302; x_wconf 71' lang='lat' dir='ltr'>iudicant</span> <span class='ocrx_word' id='word_1_462' title='bbox 1086 3237 1198 3311; x_wconf 77' lang='lat' dir='ltr'>aliqui,</span> <span class='ocrx_word' id='word_1_463' title='bbox 1219 3251 1294 3303; x_wconf 81' lang='lat' dir='ltr'>tunc</span> <span class='ocrx_word' id='word_1_464' title='bbox 1315 3233 1375 3298; x_wconf 76' lang='lat' dir='ltr'>erse</span> <span class='ocrx_word' id='word_1_465' title='bbox 1397 3229 1695 3301; x_wconf 75' lang='lat' dir='ltr'>administrationem</span> 
     </span>
     <span class='ocr_line' id='line_1_40' title="bbox 116 3311 1692 3392; baseline -0.003 -12"><span class='ocrx_word' id='word_1_466' title='bbox 116 3315 271 3380; x_wconf 82' lang='lat' dir='ltr'>Sinrisiter</span> <span class='ocrx_word' id='word_1_467' title='bbox 285 3317 344 3390; x_wconf 77' lang='lat' dir='ltr'>,qni</span> <span class='ocrx_word' id='word_1_468' title='bbox 362 3317 451 3378; x_wconf 81' lang='lat' dir='ltr'>unice</span> <span class='ocrx_word' id='word_1_469' title='bbox 474 3313 542 3376; x_wconf 77' lang='lat' dir='ltr'>adiu</span> <span class='ocrx_word' id='word_1_470' title='bbox 556 3311 669 3376; x_wconf 75' lang='lat' dir='ltr'>statuit</span> <span class='ocrx_word' id='word_1_471' title='bbox 692 3331 755 3375; x_wconf 89' lang='lat' dir='ltr'>non</span> <span class='ocrx_word' id='word_1_472' title='bbox 772 3316 889 3374; x_wconf 85' lang='lat' dir='ltr'>ieiuna·</span> <span class='ocrx_word' id='word_1_473' title='bbox 924 3321 1034 3391; x_wconf 78' lang='lat' dir='ltr'>unius,</span> <span class='ocrx_word' id='word_1_474' title='bbox 1054 3313 1087 3380; x_wconf 82' lang='lat' dir='ltr'>dt</span> <span class='ocrx_word' id='word_1_475' title='bbox 1106 3312 1238 3380; x_wconf 85' lang='lat' dir='ltr'>eiusdem</span> <span class='ocrx_word' id='word_1_476' title='bbox 1258 3317 1426 3392; x_wconf 83' lang='lat' dir='ltr'>convivii,</span> <span class='ocrx_word' id='word_1_477' title='bbox 1454 3335 1490 3378; x_wconf 89' lang='lat' dir='ltr'>ac</span> <span class='ocrx_word' id='word_1_478' title='bbox 1510 3313 1636 3392; x_wconf 77' lang='lat' dir='ltr'>proinde</span> <span class='ocrx_word' id='word_1_479' title='bbox 1655 3334 1692 3376; x_wconf 87' lang='lat' dir='ltr'>u·</span> 
     </span>
     <span class='ocr_line' id='line_1_41' title="bbox 115 3391 1693 3470; baseline 0.002 -18"><span class='ocrx_word' id='word_1_480' title='bbox 115 3417 153 3458; x_wconf 76' lang='lat' dir='ltr'>re</span> <span class='ocrx_word' id='word_1_481' title='bbox 171 3410 243 3460; x_wconf 80' lang='lat' dir='ltr'>tota</span> <span class='ocrx_word' id='word_1_482' title='bbox 264 3391 510 3470; x_wconf 79' lang='lat' dir='ltr'>quadragesima,</span> <span class='ocrx_word' id='word_1_483' title='bbox 530 3407 654 3466; x_wconf 81' lang='lat' dir='ltr'>autper</span> <span class='ocrx_word' id='word_1_484' title='bbox 682 3407 787 3453; x_wconf 82' lang='lat' dir='ltr'>totum</span> <span class='ocrx_word' id='word_1_485' title='bbox 806 3409 887 3452; x_wconf 82' lang='lat' dir='ltr'>men·</span> <span class='ocrx_word' id='word_1_486' title='bbox 926 3416 993 3459; x_wconf 88' lang='lat' dir='ltr'>narn</span> <span class='ocrx_word' id='word_1_487' title='bbox 1016 3396 1171 3458; x_wconf 86' lang='lat' dir='ltr'>motasiter</span> <span class='ocrx_word' id='word_1_488' title='bbox 1191 3391 1359 3470; x_wconf 63' lang='lat' dir='ltr'>ahionem,</span> <span class='ocrx_word' id='word_1_489' title='bbox 1382 3395 1492 3458; x_wconf 91' lang='lat' dir='ltr'>idcirco</span> <span class='ocrx_word' id='word_1_490' title='bbox 1512 3413 1608 3458; x_wconf 88' lang='lat' dir='ltr'>unum</span> <span class='ocrx_word' id='word_1_491' title='bbox 1623 3405 1693 3456; x_wconf 82' lang='lat' dir='ltr'>tan·</span> 
     </span>
     <span class='ocr_line' id='line_1_42' title="bbox 114 3467 1692 3564; baseline 0 -26"><span class='ocrx_word' id='word_1_492' title='bbox 114 3473 183 3538; x_wconf 87' lang='lat' dir='ltr'>sem</span> <span class='ocrx_word' id='word_1_493' title='bbox 212 3491 273 3537; x_wconf 89' lang='lat' dir='ltr'>non</span> <span class='ocrx_word' id='word_1_494' title='bbox 302 3475 433 3564; x_wconf 72' lang='lat' dir='ltr'>recitare</span> <span class='ocrx_word' id='word_1_495' title='bbox 462 3467 609 3534; x_wconf 76' lang='lat' dir='ltr'>officium</span> <span class='ocrx_word' id='word_1_496' title='bbox 639 3470 811 3563; x_wconf 68' lang='lat' dir='ltr'>diuinum,</span> <span class='ocrx_word' id='word_1_497' title='bbox 843 3485 889 3530; x_wconf 84' lang='lat' dir='ltr'>rot</span> <span class='ocrx_word' id='word_1_498' title='bbox 927 3495 992 3538; x_wconf 87' lang='lat' dir='ltr'>rum</span> <span class='ocrx_word' id='word_1_499' title='bbox 1009 3475 1118 3538; x_wconf 80' lang='lat' dir='ltr'>rosum</span> <span class='ocrx_word' id='word_1_500' title='bbox 1144 3492 1305 3549; x_wconf 85' lang='lat' dir='ltr'>peccatum</span> <span class='ocrx_word' id='word_1_501' title='bbox 1322 3475 1490 3538; x_wconf 79' lang='lat' dir='ltr'>committi.</span> <span class='ocrx_word' id='word_1_502' title='bbox 1521 3473 1586 3536; x_wconf 81' lang='lat' dir='ltr'>Alii</span> <span class='ocrx_word' id='word_1_503' title='bbox 1615 3489 1692 3538; x_wconf 83' lang='lat' dir='ltr'>vero</span> 
     </span>
     <span class='ocr_line' id='line_1_43' title="bbox 114 3545 1693 3630; baseline -0.002 -12"><span class='ocrx_word' id='word_1_504' title='bbox 114 3569 250 3630; x_wconf 87' lang='lat' dir='ltr'>peccata</span> <span class='ocrx_word' id='word_1_505' title='bbox 274 3555 444 3617; x_wconf 76' lang='lat' dir='ltr'>committit</span> <span class='ocrx_word' id='word_1_506' title='bbox 463 3599 471 3628; x_wconf 93' lang='lat'>,</span> <span class='ocrx_word' id='word_1_507' title='bbox 500 3563 575 3626; x_wconf 91' lang='lat' dir='ltr'>quot</span> <span class='ocrx_word' id='word_1_508' title='bbox 592 3545 661 3612; x_wconf 87' lang='lat' dir='ltr'>sunt</span> <span class='ocrx_word' id='word_1_509' title='bbox 677 3561 792 3613; x_wconf 83' lang='lat' dir='ltr'>remma</span> <span class='ocrx_word' id='word_1_510' title='bbox 806 3547 890 3622; x_wconf 82' lang='lat' dir='ltr'>Qua·</span> <span class='ocrx_word' id='word_1_511' title='bbox 925 3555 1113 3618; x_wconf 87' lang='lat' dir='ltr'>contrarium</span> <span class='ocrx_word' id='word_1_512' title='bbox 1128 3554 1292 3616; x_wconf 80' lang='lat' dir='ltr'>sentientes</span> <span class='ocrx_word' id='word_1_513' title='bbox 1315 3549 1483 3630; x_wconf 85' lang='lat' dir='ltr'>sustinent,</span> <span class='ocrx_word' id='word_1_514' title='bbox 1498 3567 1548 3616; x_wconf 92' lang='lat' dir='ltr'>tot</span> <span class='ocrx_word' id='word_1_515' title='bbox 1566 3567 1693 3627; x_wconf 87' lang='lat' dir='ltr'>peccata</span> 
     </span>
     <span class='ocr_line' id='line_1_44' title="bbox 116 3623 1691 3712; baseline 0 -16"><span class='ocrx_word' id='word_1_516' title='bbox 116 3629 300 3712; x_wconf 76' lang='lat' dir='ltr'>dragesrmoe</span> <span class='ocrx_word' id='word_1_517' title='bbox 313 3629 450 3707; x_wconf 73' lang='lat' dir='ltr'>,dedice</span> <span class='ocrx_word' id='word_1_518' title='bbox 470 3625 596 3706; x_wconf 71' lang='lat' dir='ltr'>mensur</span> <span class='ocrx_word' id='word_1_519' title='bbox 614 3631 687 3704; x_wconf 82' lang='lat' dir='ltr'>quia</span> <span class='ocrx_word' id='word_1_520' title='bbox 711 3627 762 3692; x_wconf 89' lang='lat' dir='ltr'>issa</span> <span class='ocrx_word' id='word_1_521' title='bbox 776 3623 891 3694; x_wconf 76' lang='lat' dir='ltr'>obiecit</span> <span class='ocrx_word' id='word_1_522' title='bbox 925 3635 1098 3709; x_wconf 87' lang='lat' dir='ltr'>committi,</span> <span class='ocrx_word' id='word_1_523' title='bbox 1116 3648 1191 3708; x_wconf 73' lang='lat' dir='ltr'>quot</span> <span class='ocrx_word' id='word_1_524' title='bbox 1212 3628 1282 3694; x_wconf 90' lang='lat' dir='ltr'>sunt</span> <span class='ocrx_word' id='word_1_525' title='bbox 1304 3631 1458 3708; x_wconf 82' lang='lat' dir='ltr'>personae.</span> <span class='ocrx_word' id='word_1_526' title='bbox 1479 3629 1586 3709; x_wconf 81' lang='lat' dir='ltr'>quihus</span> <span class='ocrx_word' id='word_1_527' title='bbox 1607 3631 1691 3696; x_wconf 87' lang='lat' dir='ltr'>sacra</span> 
     </span>
    </p>
   </div>
   <div class='ocr_carea' id='block_1_3' title="bbox 46 3705 1808 3788">
    <p class='ocr_par' dir='ltr' id='par_1_3' title="bbox 46 3705 1808 3788">
     <span class='ocr_line' id='line_1_45' title="bbox 46 3705 1808 3788; baseline -0.001 -12"><span class='ocrx_word' id='word_1_528' title='bbox 46 3735 48 3738; x_wconf 92' lang='lat'>·</span> <span class='ocrx_word' id='word_1_529' title='bbox 112 3709 194 3776; x_wconf 86' lang='lat' dir='ltr'>sunt</span> <span class='ocrx_word' id='word_1_530' title='bbox 227 3711 336 3774; x_wconf 87' lang='lat' dir='ltr'>tntasia</span> <span class='ocrx_word' id='word_1_531' title='bbox 363 3709 549 3784; x_wconf 78' lang='lat' dir='ltr'>&amp;numero</span> <span class='ocrx_word' id='word_1_532' title='bbox 580 3705 898 3782; x_wconf 76' lang='lat' dir='ltr'>dissirtsia..1’arrttr</span> <span class='ocrx_word' id='word_1_533' title='bbox 925 3707 1329 3776; x_wconf 82' lang='lat' dir='ltr'>Communiominisiratur.</span> <span class='ocrx_word' id='word_1_534' title='bbox 1353 3715 1412 3776; x_wconf 85' lang='lat' dir='ltr'>Pto</span> <span class='ocrx_word' id='word_1_535' title='bbox 1442 3729 1573 3788; x_wconf 87' lang='lat' dir='ltr'>utraque</span> <span class='ocrx_word' id='word_1_536' title='bbox 1602 3727 1692 3788; x_wconf 85' lang='lat' dir='ltr'>parte</span> <span class='ocrx_word' id='word_1_537' title='bbox 1802 3717 1808 3730; x_wconf 86' lang='grc'><em>·</em></span> 
     </span>
    </p>
   </div>
   <div class='ocr_carea' id='block_1_4' title="bbox 96 3783 1699 4746">
    <p class='ocr_par' dir='ltr' id='par_1_4' title="bbox 96 3783 1692 4029">
     <span class='ocr_line' id='line_1_46' title="bbox 114 3783 1692 3880; baseline -0.001 -26"><span class='ocrx_word' id='word_1_538' title='bbox 114 3785 340 3864; x_wconf 75' lang='lat' dir='ltr'>blasphemans</span> <span class='ocrx_word' id='word_1_539' title='bbox 351 3808 461 3854; x_wconf 87' lang='lat' dir='ltr'>contra</span> <span class='ocrx_word' id='word_1_540' title='bbox 481 3787 639 3854; x_wconf 82' lang='lat' dir='ltr'>duodecim</span> <span class='ocrx_word' id='word_1_541' title='bbox 650 3783 828 3880; x_wconf 56' lang='lat' dir='ltr'>herniosos,</span> <span class='ocrx_word' id='word_1_542' title='bbox 843 3787 890 3848; x_wconf 79' lang='lat' dir='ltr'>de·</span> <span class='ocrx_word' id='word_1_543' title='bbox 925 3799 987 3856; x_wconf 73' lang='lat' dir='ltr'>sua</span> <span class='ocrx_word' id='word_1_544' title='bbox 1006 3791 1152 3854; x_wconf 77' lang='lat' dir='ltr'>militant·</span> <span class='ocrx_word' id='word_1_545' title='bbox 1164 3791 1323 3868; x_wconf 78' lang='lat' dir='ltr'>rationes,</span> <span class='ocrx_word' id='word_1_546' title='bbox 1342 3789 1376 3855; x_wconf 73' lang='grc' dir='ltr'>ἀ</span> <span class='ocrx_word' id='word_1_547' title='bbox 1399 3796 1531 3869; x_wconf 83' lang='lat' dir='ltr'>potiores</span> <span class='ocrx_word' id='word_1_548' title='bbox 1560 3809 1614 3868; x_wconf 90' lang='lat' dir='ltr'>pro</span> <span class='ocrx_word' id='word_1_549' title='bbox 1626 3791 1692 3867; x_wconf 89' lang='lat' dir='ltr'>pri·</span> 
     </span>
     <span class='ocr_line' id='line_1_47' title="bbox 114 3865 1692 3960; baseline 0.001 -25"><span class='ocrx_word' id='word_1_550' title='bbox 114 3867 255 3935; x_wconf 78' lang='lat' dir='ltr'>trahent</span> <span class='ocrx_word' id='word_1_551' title='bbox 278 3867 317 3930; x_wconf 85' lang='lat' dir='ltr'>de</span> <span class='ocrx_word' id='word_1_552' title='bbox 337 3881 399 3930; x_wconf 80' lang='lat' dir='ltr'>una</span> <span class='ocrx_word' id='word_1_553' title='bbox 418 3867 555 3946; x_wconf 75' lang='lat' dir='ltr'>sarissa,</span> <span class='ocrx_word' id='word_1_554' title='bbox 577 3869 681 3932; x_wconf 74' lang='lat' dir='ltr'>autc</span> <span class='ocrx_word' id='word_1_555' title='bbox 704 3869 817 3960; x_wconf 71' lang='lat' dir='ltr'>hegio,</span> <span class='ocrx_word' id='word_1_556' title='bbox 838 3866 889 3928; x_wconf 79' lang='lat' dir='ltr'>ves</span> <span class='ocrx_word' id='word_1_557' title='bbox 926 3893 974 3936; x_wconf 88' lang='lat' dir='ltr'>tna</span> <span class='ocrx_word' id='word_1_558' title='bbox 989 3915 1000 3948; x_wconf 83' lang='lat'>,</span> <span class='ocrx_word' id='word_1_559' title='bbox 1015 3890 1104 3946; x_wconf 85' lang='lat' dir='ltr'>quam</span> <span class='ocrx_word' id='word_1_560' title='bbox 1133 3889 1188 3946; x_wconf 80' lang='lat' dir='ltr'>pro</span> <span class='ocrx_word' id='word_1_561' title='bbox 1212 3865 1341 3940; x_wconf 83' lang='lat' dir='ltr'>sccirnda</span> <span class='ocrx_word' id='word_1_562' title='bbox 1365 3869 1543 3938; x_wconf 89' lang='lat' dir='ltr'>sententia.</span> <span class='ocrx_word' id='word_1_563' title='bbox 1565 3869 1622 3934; x_wconf 83' lang='lat' dir='ltr'>Sed</span> <span class='ocrx_word' id='word_1_564' title='bbox 1652 3869 1692 3936; x_wconf 81' lang='lat' dir='ltr'>de</span> 
     </span>
     <span class='ocr_line' id='line_1_48' title="bbox 96 3947 1594 4029; baseline 0 -15"><span class='ocrx_word' id='word_1_565' title='bbox 96 3947 654 4026; x_wconf 46' lang='lat' dir='ltr'>‚mortemcontreeorparanmdu</span> <span class='ocrx_word' id='word_1_566' title='bbox 695 3967 774 4029; x_wconf 76' lang='lat' dir='ltr'>actm</span> <span class='ocrx_word' id='word_1_567' title='bbox 792 3949 890 4010; x_wconf 73' lang='lat' dir='ltr'>trimi</span> <span class='ocrx_word' id='word_1_568' title='bbox 928 3955 982 4017; x_wconf 80' lang='lat' dir='ltr'>hoc</span> <span class='ocrx_word' id='word_1_569' title='bbox 1002 3951 1108 4014; x_wconf 85' lang='lat' dir='ltr'>meiius</span> <span class='ocrx_word' id='word_1_570' title='bbox 1128 3949 1181 4012; x_wconf 87' lang='lat' dir='ltr'>suo</span> <span class='ocrx_word' id='word_1_571' title='bbox 1198 3949 1284 4014; x_wconf 82' lang='lat' dir='ltr'>soto.</span> <span class='ocrx_word' id='word_1_572' title='bbox 1587 3955 1594 3968; x_wconf 82' lang='lat'><strong><em>‘</em></strong></span> 
     </span>
    </p>

    <p class='ocr_par' dir='ltr' id='par_1_5' title="bbox 110 4025 1699 4746">
     <span class='ocr_line' id='line_1_49' title="bbox 115 4025 1691 4105; baseline 0.005 -16"><span class='ocrx_word' id='word_1_573' title='bbox 115 4050 160 4094; x_wconf 87' lang='lat' dir='ltr'>na</span> <span class='ocrx_word' id='word_1_574' title='bbox 186 4041 317 4105; x_wconf 82' lang='lat' dir='ltr'>patrat,</span> <span class='ocrx_word' id='word_1_575' title='bbox 337 4025 480 4102; x_wconf 79' lang='lat' dir='ltr'>quidquid</span> <span class='ocrx_word' id='word_1_576' title='bbox 506 4029 536 4087; x_wconf 88' lang='lat' dir='ltr'>in</span> <span class='ocrx_word' id='word_1_577' title='bbox 560 4031 748 4098; x_wconf 76' lang='lat' dir='ltr'>contrarium</span> <span class='ocrx_word' id='word_1_578' title='bbox 778 4026 890 4089; x_wconf 88' lang='lat' dir='ltr'>sentiar</span> <span class='ocrx_word' id='word_1_579' title='bbox 966 4033 1016 4097; x_wconf 85' lang='lat' dir='ltr'>An</span> <span class='ocrx_word' id='word_1_580' title='bbox 1051 4050 1126 4093; x_wconf 89' lang='lat' dir='ltr'>vero</span> <span class='ocrx_word' id='word_1_581' title='bbox 1152 4029 1300 4093; x_wconf 72' lang='lat' dir='ltr'>Sacerdos</span> <span class='ocrx_word' id='word_1_582' title='bbox 1324 4029 1478 4096; x_wconf 83' lang='lat' dir='ltr'>celebrans</span> <span class='ocrx_word' id='word_1_583' title='bbox 1508 4045 1580 4096; x_wconf 82' lang='lat' dir='ltr'>cnm</span> <span class='ocrx_word' id='word_1_584' title='bbox 1615 4049 1691 4097; x_wconf 74' lang='lat' dir='ltr'>con-</span> 
     </span>
     <span class='ocr_line' id='line_1_50' title="bbox 114 4103 1692 4188; baseline 0.001 -14"><span class='ocrx_word' id='word_1_585' title='bbox 114 4105 281 4174; x_wconf 79' lang='lat' dir='ltr'>Bonrcrm</span> <span class='ocrx_word' id='word_1_586' title='bbox 313 4125 383 4169; x_wconf 89' lang='lat' dir='ltr'>cum</span> <span class='ocrx_word' id='word_1_587' title='bbox 412 4105 590 4180; x_wconf 85' lang='lat' dir='ltr'>Navarro,</span> <span class='ocrx_word' id='word_1_588' title='bbox 618 4104 725 4169; x_wconf 77' lang='lat' dir='ltr'>aliisve</span> <span class='ocrx_word' id='word_1_589' title='bbox 743 4103 888 4172; x_wconf 75' lang='lat' dir='ltr'>censenti·</span> <span class='ocrx_word' id='word_1_590' title='bbox 927 4109 1201 4188; x_wconf 84' lang='lat' dir='ltr'>scientiaserhasia,</span> <span class='ocrx_word' id='word_1_591' title='bbox 1220 4109 1692 4187; x_wconf 72' lang='lat' dir='ltr'>obpsuretdisiinssaeadiioner</span> 
     </span>
     <span class='ocr_line' id='line_1_51' title="bbox 116 4181 1693 4271; baseline 0.003 -22"><span class='ocrx_word' id='word_1_592' title='bbox 116 4189 196 4263; x_wconf 81' lang='lat' dir='ltr'>hur,</span> <span class='ocrx_word' id='word_1_593' title='bbox 223 4207 319 4250; x_wconf 87' lang='lat' dir='ltr'>unum</span> <span class='ocrx_word' id='word_1_594' title='bbox 343 4181 513 4264; x_wconf 75' lang='lat' dir='ltr'>Cosieghrm</span> <span class='ocrx_word' id='word_1_595' title='bbox 534 4185 583 4247; x_wconf 87' lang='lat' dir='ltr'>ves</span> <span class='ocrx_word' id='word_1_596' title='bbox 604 4181 751 4250; x_wconf 86' lang='lat' dir='ltr'>samisiam</span> <span class='ocrx_word' id='word_1_597' title='bbox 777 4189 807 4261; x_wconf 89' lang='lat' dir='ltr'>ip</span> <span class='ocrx_word' id='word_1_598' title='bbox 828 4189 891 4248; x_wconf 81' lang='lat' dir='ltr'>iure</span> <span class='ocrx_word' id='word_1_599' title='bbox 927 4213 995 4266; x_wconf 80' lang='lat' dir='ltr'>qnae</span> <span class='ocrx_word' id='word_1_600' title='bbox 1015 4207 1181 4254; x_wconf 80' lang='lat' dir='ltr'>occurrunt</span> <span class='ocrx_word' id='word_1_601' title='bbox 1200 4189 1514 4271; x_wconf 81' lang='lat' dir='ltr'>incelebratione&#39;‚ut</span> <span class='ocrx_word' id='word_1_602' title='bbox 1530 4187 1693 4260; x_wconf 85' lang='lat' dir='ltr'>suntCon·</span> 
     </span>
     <span class='ocr_line' id='line_1_52' title="bbox 115 4262 1693 4357; baseline 0.001 -25"><span class='ocrx_word' id='word_1_603' title='bbox 115 4283 219 4332; x_wconf 81' lang='lat' dir='ltr'>unam</span> <span class='ocrx_word' id='word_1_604' title='bbox 236 4265 375 4341; x_wconf 88' lang='lat' dir='ltr'>reputari</span> <span class='ocrx_word' id='word_1_605' title='bbox 392 4262 566 4357; x_wconf 81' lang='lat' dir='ltr'>personam.</span> <span class='ocrx_word' id='word_1_606' title='bbox 586 4263 670 4328; x_wconf 86' lang='lat' dir='ltr'>Nam</span> <span class='ocrx_word' id='word_1_607' title='bbox 695 4267 768 4331; x_wconf 89' lang='lat' dir='ltr'>sicet</span> <span class='ocrx_word' id='word_1_608' title='bbox 793 4265 893 4352; x_wconf 71' lang='lat' dir='ltr'>piures</span> <span class='ocrx_word' id='word_1_609' title='bbox 927 4271 1058 4333; x_wconf 76' lang='lat' dir='ltr'>sacratio</span> <span class='ocrx_word' id='word_1_610' title='bbox 1078 4269 1112 4334; x_wconf 81' lang='lat' dir='ltr'>dr</span> <span class='ocrx_word' id='word_1_611' title='bbox 1131 4267 1271 4344; x_wconf 82' lang='lat' dir='ltr'>Sumptio</span> <span class='ocrx_word' id='word_1_612' title='bbox 1300 4271 1458 4346; x_wconf 84' lang='lat' dir='ltr'>utriusque</span> <span class='ocrx_word' id='word_1_613' title='bbox 1485 4265 1592 4347; x_wconf 88' lang='lat' dir='ltr'>speciei</span> <span class='ocrx_word' id='word_1_614' title='bbox 1613 4316 1622 4345; x_wconf 98' lang='lat'>,</span> <span class='ocrx_word' id='word_1_615' title='bbox 1642 4283 1693 4337; x_wconf 85' lang='lat' dir='ltr'>tot</span> 
     </span>
     <span class='ocr_line' id='line_1_53' title="bbox 115 4332 1693 4434; baseline 0 -23"><span class='ocrx_word' id='word_1_616' title='bbox 115 4345 263 4425; x_wconf 83' lang='lat' dir='ltr'>personat</span> <span class='ocrx_word' id='word_1_617' title='bbox 277 4341 410 4408; x_wconf 80' lang='lat' dir='ltr'>eiusdem</span> <span class='ocrx_word' id='word_1_618' title='bbox 428 4332 623 4412; x_wconf 68' lang='lat' dir='ltr'>shniint‘ves</span> <span class='ocrx_word' id='word_1_619' title='bbox 643 4345 772 4434; x_wconf 59' lang='lat' dir='ltr'>§odietis</span> <span class='ocrx_word' id='word_1_620' title='bbox 792 4365 832 4410; x_wconf 84' lang='lat' dir='ltr'>err</span> <span class='ocrx_word' id='word_1_621' title='bbox 848 4364 893 4407; x_wconf 87' lang='lat' dir='ltr'>ru·</span> <span class='ocrx_word' id='word_1_622' title='bbox 926 4355 1105 4414; x_wconf 85' lang='lat' dir='ltr'>committat</span> <span class='ocrx_word' id='word_1_623' title='bbox 1121 4365 1266 4426; x_wconf 82' lang='lat' dir='ltr'>peccata,</span> <span class='ocrx_word' id='word_1_624' title='bbox 1289 4367 1363 4422; x_wconf 80' lang='lat' dir='ltr'>quor</span> <span class='ocrx_word' id='word_1_625' title='bbox 1380 4349 1452 4414; x_wconf 87' lang='lat' dir='ltr'>sunt</span> <span class='ocrx_word' id='word_1_626' title='bbox 1471 4348 1519 4412; x_wconf 73' lang='lat' dir='ltr'>hae</span> <span class='ocrx_word' id='word_1_627' title='bbox 1535 4346 1693 4428; x_wconf 66' lang='lat' dir='ltr'>ustiones,</span> 
     </span>
     <span class='ocr_line' id='line_1_54' title="bbox 110 4423 1696 4510; baseline 0 -19"><span class='ocrx_word' id='word_1_628' title='bbox 110 4423 297 4510; x_wconf 76' lang='lat' dir='ltr'>ritriciinne</span> <span class='ocrx_word' id='word_1_629' title='bbox 310 4423 481 4492; x_wconf 87' lang='lat' dir='ltr'>habeantur</span> <span class='ocrx_word' id='word_1_630' title='bbox 501 4424 600 4488; x_wconf 85' lang='lat' dir='ltr'>vasuri</span> <span class='ocrx_word' id='word_1_631' title='bbox 615 4443 811 4490; x_wconf 79' lang='lat' dir='ltr'>arratanrum</span> <span class='ocrx_word' id='word_1_632' title='bbox 828 4445 894 4502; x_wconf 84' lang='lat' dir='ltr'>per·</span> <span class='ocrx_word' id='word_1_633' title='bbox 928 4429 1086 4510; x_wconf 85' lang='lat' dir='ltr'>disputant</span> <span class='ocrx_word' id='word_1_634' title='bbox 1103 4427 1267 4506; x_wconf 71' lang='lat' dir='ltr'>nudiores,</span> <span class='ocrx_word' id='word_1_635' title='bbox 1283 4427 1317 4492; x_wconf 81' lang='lat' dir='ltr'>at</span> <span class='ocrx_word' id='word_1_636' title='bbox 1337 4432 1527 4492; x_wconf 86' lang='lat' dir='ltr'>communius</span> <span class='ocrx_word' id='word_1_637' title='bbox 1543 4425 1696 4508; x_wconf 84' lang='lat' dir='ltr'>sentiunt,</span> 
     </span>
     <span class='ocr_line' id='line_1_55' title="bbox 115 4503 1695 4598; baseline 0.003 -30"><span class='ocrx_word' id='word_1_638' title='bbox 115 4504 194 4570; x_wconf 81' lang='lat' dir='ltr'>sona</span> <span class='ocrx_word' id='word_1_639' title='bbox 209 4553 218 4582; x_wconf 95' lang='lat'>‚</span> <span class='ocrx_word' id='word_1_640' title='bbox 232 4509 274 4567; x_wconf 80' lang='lat' dir='ltr'>¹in</span> <span class='ocrx_word' id='word_1_641' title='bbox 288 4506 351 4572; x_wconf 83' lang='lat' dir='ltr'>csse</span> <span class='ocrx_word' id='word_1_642' title='bbox 368 4503 588 4570; x_wconf 77' lang='lat' dir='ltr'>tamerr&#39;morie</span> <span class='ocrx_word' id='word_1_643' title='bbox 604 4503 674 4568; x_wconf 86' lang='lat' dir='ltr'>sunt</span> <span class='ocrx_word' id='word_1_644' title='bbox 699 4521 810 4570; x_wconf 83' lang='lat' dir='ltr'>revera</span> <span class='ocrx_word' id='word_1_645' title='bbox 831 4507 893 4576; x_wconf 89' lang='lat' dir='ltr'>psu·</span> <span class='ocrx_word' id='word_1_646' title='bbox 929 4529 1024 4574; x_wconf 84' lang='lat' dir='ltr'>onam</span> <span class='ocrx_word' id='word_1_647' title='bbox 1043 4523 1166 4573; x_wconf 82' lang='lat' dir='ltr'>rantum</span> <span class='ocrx_word' id='word_1_648' title='bbox 1188 4511 1381 4572; x_wconf 82' lang='lat' dir='ltr'>committere</span> <span class='ocrx_word' id='word_1_649' title='bbox 1407 4522 1565 4582; x_wconf 80' lang='lat' dir='ltr'>peccatum</span> <span class='ocrx_word' id='word_1_650' title='bbox 1583 4553 1594 4598; x_wconf 41' lang='grc' dir='ltr'><strong>ι</strong></span> <span class='ocrx_word' id='word_1_651' title='bbox 1621 4512 1695 4586; x_wconf 78' lang='lat' dir='ltr'>quir</span> 
     </span>
     <span class='ocr_line' id='line_1_56' title="bbox 114 4579 1699 4669; baseline 0.003 -21"><span class='ocrx_word' id='word_1_652' title='bbox 114 4605 188 4648; x_wconf 72' lang='lat' dir='ltr'>rec·</span> <span class='ocrx_word' id='word_1_653' title='bbox 213 4581 304 4650; x_wconf 81' lang='lat' dir='ltr'>Unde</span> <span class='ocrx_word' id='word_1_654' title='bbox 321 4579 652 4651; x_wconf 80' lang='lat' dir='ltr'>insoroPcenitenriae</span> <span class='ocrx_word' id='word_1_655' title='bbox 680 4603 743 4650; x_wconf 88' lang='lat' dir='ltr'>noo</span> <span class='ocrx_word' id='word_1_656' title='bbox 771 4605 895 4663; x_wconf 82' lang='lat' dir='ltr'>tompu-</span> <span class='ocrx_word' id='word_1_657' title='bbox 925 4591 976 4656; x_wconf 85' lang='lat' dir='ltr'>irre</span> <span class='ocrx_word' id='word_1_658' title='bbox 1001 4588 1129 4652; x_wconf 72' lang='lat' dir='ltr'>astioncs</span> <span class='ocrx_word' id='word_1_659' title='bbox 1159 4589 1233 4653; x_wconf 84' lang='lat' dir='ltr'>sicet</span> <span class='ocrx_word' id='word_1_660' title='bbox 1250 4588 1358 4650; x_wconf 75' lang='lat' dir='ltr'>mustae</span> <span class='ocrx_word' id='word_1_661' title='bbox 1378 4587 1514 4669; x_wconf 79' lang='lat' dir='ltr'>physice,</span> <span class='ocrx_word' id='word_1_662' title='bbox 1533 4591 1699 4656; x_wconf 80' lang='lat' dir='ltr'>moraliter</span> 
     </span>
     <span class='ocr_line' id='line_1_57' title="bbox 116 4661 1695 4746; baseline 0.001 -18"><span class='ocrx_word' id='word_1_663' title='bbox 116 4663 232 4728; x_wconf 64' lang='lat' dir='ltr'>tanda</span> <span class='ocrx_word' id='word_1_664' title='bbox 253 4661 322 4732; x_wconf 85' lang='lat' dir='ltr'>sunt</span> <span class='ocrx_word' id='word_1_665' title='bbox 341 4685 391 4743; x_wconf 89' lang='lat' dir='ltr'>per</span> <span class='ocrx_word' id='word_1_666' title='bbox 410 4667 535 4730; x_wconf 87' lang='lat' dir='ltr'>modurn</span> <span class='ocrx_word' id='word_1_667' title='bbox 556 4667 645 4736; x_wconf 79' lang='lat' dir='ltr'>onius</span> <span class='ocrx_word' id='word_1_668' title='bbox 657 4663 713 4727; x_wconf 61' lang='lat' dir='ltr'>vsi</span> <span class='ocrx_word' id='word_1_669' title='bbox 729 4669 810 4728; x_wconf 87' lang='lat' dir='ltr'>enirn</span> <span class='ocrx_word' id='word_1_670' title='bbox 828 4669 894 4740; x_wconf 78' lang='lat' dir='ltr'>quis</span> <span class='ocrx_word' id='word_1_671' title='bbox 930 4691 983 4746; x_wconf 87' lang='lat' dir='ltr'>pro</span> <span class='ocrx_word' id='word_1_672' title='bbox 999 4683 1190 4732; x_wconf 71' lang='lat' dir='ltr'>unctantum</span> <span class='ocrx_word' id='word_1_673' title='bbox 1207 4681 1393 4746; x_wconf 85' lang='lat' dir='ltr'>reputantur</span> <span class='ocrx_word' id='word_1_674' title='bbox 1406 4690 1416 4743; x_wconf 89' lang='grc'><strong>;</strong></span> <span class='ocrx_word' id='word_1_675' title='bbox 1430 4672 1501 4742; x_wconf 79' lang='lat' dir='ltr'>quia</span> <span class='ocrx_word' id='word_1_676' title='bbox 1518 4687 1578 4734; x_wconf 85' lang='lat' dir='ltr'>una</span> <span class='ocrx_word' id='word_1_677' title='bbox 1593 4670 1695 4734; x_wconf 77' lang='lat' dir='ltr'>exhir</span> 
     </span>
    </p>
   </div>
   <div class='ocr_carea' id='block_1_5' title="bbox 114 4739 1552 4834">
    <p class='ocr_par' dir='ltr' id='par_1_6' title="bbox 114 4739 1552 4834">
     <span class='ocr_line' id='line_1_58' title="bbox 114 4739 1552 4834; baseline 0.003 -20"><span class='ocrx_word' id='word_1_678' title='bbox 114 4739 284 4814; x_wconf 64' lang='lat' dir='ltr'>“uidisset</span> <span class='ocrx_word' id='word_1_679' title='bbox 305 4741 359 4812; x_wconf 87' lang='lat' dir='ltr'>serr</span> <span class='ocrx_word' id='word_1_680' title='bbox 387 4743 517 4820; x_wconf 73' lang='lat' dir='ltr'>alicuius</span> <span class='ocrx_word' id='word_1_681' title='bbox 540 4741 686 4827; x_wconf 74' lang='lat' dir='ltr'>familiae,</span> <span class='ocrx_word' id='word_1_682' title='bbox 713 4745 895 4815; x_wconf 73' lang='lat' dir='ltr'>inararem</span> <span class='ocrx_word' id='word_1_683' title='bbox 929 4747 1010 4818; x_wconf 70' lang='lat' dir='ltr'>adio</span> <span class='ocrx_word' id='word_1_684' title='bbox 1027 4751 1167 4830; x_wconf 70' lang='lat' dir='ltr'>eautgit,</span> <span class='ocrx_word' id='word_1_685' title='bbox 1185 4765 1341 4824; x_wconf 71' lang='lat' dir='ltr'>utrunque</span> <span class='ocrx_word' id='word_1_686' title='bbox 1355 4745 1552 4834; x_wconf 59' lang='lat' dir='ltr'>nyssenum,</span> 
     </span>
    </p>
   </div>
   <div class='ocr_carea' id='block_1_6' title="bbox 1548 4791 1693 4908">
    <p class='ocr_par' dir='ltr' id='par_1_7' title="bbox 1548 4791 1693 4908">
     <span class='ocr_line' id='line_1_59' title="bbox 1548 4791 1693 4908; baseline -0.014 -14"><span class='ocrx_word' id='word_1_687' title='bbox 1548 4829 1657 4908; x_wconf 70' lang='lat' dir='ltr'>eran·</span> <span class='ocrx_word' id='word_1_688' title='bbox 1688 4791 1693 4800; x_wconf 30' lang='lat'><strong>¹</strong></span> 
     </span>
    </p>
   </div>
   <div class='ocr_carea' id='block_1_7' title="bbox 0 0 2035 5460">
    <p class='ocr_par' dir='ltr' id='par_1_8' title="bbox 0 0 2035 5460">
     <span class='ocr_line' id='line_1_60' title="bbox 0 0 2035 5460; baseline 0 0"><span class='ocrx_word' id='word_1_689' title='bbox 0 0 2035 5460; x_wconf 95' lang='lat' dir='ltr'> </span> 
     </span>
    </p>
   </div>
  </div>
 </body>
</html>
