4030 5456
347 241 357 260 ’
409 234 577 320 Trica.
603 257 660 313 oa
689 235 886 310 noritur
915 215 1136 312 Humanis
1165 235 1267 310 Car.
1291 197 1364 310 tis
1561 261 1612 344 59

123 340 523 416 resiinoablatasirsacrr
540 337 591 406 vol
607 333 867 416 profana;diver-
899 333 1091 400 cuinslaiitiae
1104 344 1217 416 augent
1231 351 1355 403 tantum
1372 333 1544 404 bonitatem
1560 345 1592 408 iii
1607 363 1658 412 ea·
1749 409 1754 418 ,

121 431 149 495 sa
167 430 282 494 ratione
296 425 361 490 loci
379 473 388 502 ,
405 421 438 485 -si
459 436 618 502 peccatum
633 413 867 482 sitcommilium
904 412 972 478 dem
992 413 1088 494 specie
1104 418 1258 496 virtutis,
1286 413 1320 480 δι
1333 417 1482 482 malitiam
1499 422 1532 483 iii
1551 425 1657 488 eadem

122 510 230 576 inloto
251 503 336 569 sacto
354 520 408 568 aut
429 503 463 566 in
482 496 611 578 prosatio
625 497 659 562 dt
677 499 722 562 ita
747 497 865 560 tatione
901 491 997 570 specie
1013 495 1104 572 vitii,
1124 495 1245 571 quando
1260 499 1357 562 maior
1374 497 1425 563 vel
1437 501 1537 563 minor
1552 502 1594 566 est
1605 503 1658 568 ho·

119 588 243 660 auxilii,
271 599 331 660 quo
346 585 463 646 utinmr
481 580 518 644 ad
540 575 712 652 altiorem,
744 575 865 638 ratione
899 571 996 638 nestar
1017 575 1048 636 in
1067 577 1218 639 exercitio
1240 577 1390 653 virtutis,
1410 581 1509 644 maior
1530 581 1581 646 vel
1602 587 1658 647 mi-

118 667 199 744 finis,
216 683 318 744 quare·
330 661 510 740 operemur}
540 659 661 727 ratione
680 651 786 731 modi,
806 672 866 730 quo
899 673 957 718 nor
976 653 1141 731 turpitudo
1157 658 1188 716 in
1205 656 1287 718 vitio
1306 655 1474 731 sequendo:
1495 655 1535 724 sic
1551 660 1659 728 lauda-

117 765 268 826 operemur
283 737 373 822 ,idest
391 729 762 812 alieiluaveldiversi,ve'l
772 735 864 812 magis
897 732 990 796 bilior
997 731 1040 800 eii
1048 733 1100 810 qui
1110 729 1250 797 sublevat
1260 753 1421 812 pauperem
1437 739 1471 800 in
1487 739 1658 807 necessariis

116 825 285 894 autminus
307 817 438 896 interim
459 815 863 894 &tatione-temporirmuo
897 831 984 890 quani
1020 815 1052 875 iii
1070 813 1103 874 ln
1120 807 1298 892 superfluis3
1318 817 1441 893 gravius
1461 837 1568 902 peccat
1584 842 1659 889 con.

117 923 292 984 operamur,
304 901 435 964 titiones
450 895 561 960 nollrae
573 892 714 958 bumanae
724 890 774 974 vel
789 893 863 956 roci-
898 909 947 956 ιιι
966 894 974 953 i
1023 894 1110 980 itiam
1126 893 1176 968 qui
1193 889 1317 957 suranir
1331 893 1484 974 multum,
1501 919 1593 976 quani
1604 903 1657 981 qui

113 990 195 1064 piunt
211 981 342 1061 speciem
356 976 518 1043 moraliter
539 973 568 1036 di
610 967 707 1060 riam,
726 985 781 1036 aut
798 988 862 1064 ma·
901 969 1066 1036 modicum.
1091 969 1181 1037 Atius
1197 973 1291 1050 igitio
1307 969 1657 1052 bumanipraeterboni.

113 1069 201 1130 ioreiu
223 1061 278 1128 vel
304 1061 454 1124 minorem
481 1049 563 1132 perse
594 1055 695 1115 ioiitm
721 1066 776 1115 aut
804 1067 862 1112 im·
896 1067 995 1114 tatem
1004 1049 1301 1128 essentialemquam
1310 1047 1470 1119 desumunt
1486 1057 1525 1122 ab
1539 1057 1659 1126 obieelo

113 1139 320 1222 perstitionem
337 1142 369 1200 iri
385 1137 491 1202 eadem
508 1131 622 1211 specie.
834 1207 841 1222 ·
894 1129 1024 1196 &asine
1034 1131 1070 1193 de
1080 1133 1288 1212 quozproirime
1298 1131 1453 1210 loquemur
1464 1135 1553 1204 aliam
1564 1143 1658 1205 etiam

146 1220 239 1300 Qiod
260 1237 338 1286 vtro
355 1213 436 1282 anor
463 1214 588 1280 liumani
607 1206 699 1286 ,ure
727 1209 862 1300 interni,
895 1184 1652 1308 recipiuntaccidentariamacircumlsantiisQiia'

110 1300 167 1366 sire
181 1301 334 1374 externi,
354 1292 568 1363 modificentur
587 1286 745 1380 moraliter
755 1331 771 1382 ,·
789 1282 861 1350 idesl
894 1283 982 1351 sicuti
996 1287 1120 1382 bonitas
1135 1291 1284 1354 naturalis
1301 1312 1365 1358 non
1384 1294 1520 1363 consistit
1538 1301 1569 1362 in
1588 1299 1653 1364 iola

111 1377 190 1446 suam
217 1374 375 1445 desumant
401 1374 648 1460 bonitatemque
672 1364 821 1460 malitiam
842 1383 860 1430 a
894 1365 1036 1462 essentia,
1052 1364 1147 1438 sedin
1161 1371 1323 1446 complexu
1339 1375 1435 1439 etiam
1452 1379 1656 1444 accidentium

108 1457 366 1532 circumstantiis,
392 1452 436 1516 est
460 1465 629 1516 coimounia
647 1443 807 1538 dodltinalt
828 1441 861 1509 dr
886 1451 962 1524 'quae
982 1461 1129 1528 mtegram
1145 1447 1433 1527 eiusperieeioiien
1447 1455 1655 1536 constituunt,

105 1557 189 1615 patet
217 1557 256 1602 ert
278 1535 436 1612 Scriptura
462 1533 536 1594 Dic.
558 1543 618 1605 cap.
638 1543 712 1588 iiiii.
741 1524 793 1588 ubi
813 1539 860 1608 te·
895 1525 975 1591 adeo
990 1542 1028 1590 ut
1052 1523 1074 1588 si
1099 1526 1149 1592 vel
1170 1547 1249 1598 otius
1265 1533 1362 1596 etiarn
1377 1531 1521 1617 deficiat,
1540 1558 1589 1604 rer
1604 1539 1655 1604 ri-

105 1623 172 1683 nuir
190 1617 314 1682 oblatio
331 1615 460 1677 duorum
479 1627 575 1674 aemm
589 1607 782 1674 minutomm
795 1603 862 1668 col·
895 1601 973 1670 riusa
993 1605 1139 1670 reddatur
1157 1627 1167 1686 ;
1187 1605 1275 1673 sicuti
1296 1629 1381 1688 patet
1402 1616 1434 1678 in
1452 1637 1505 1681 cor
1546 1637 1579 1681 re
1599 1617 1656 1683 hu·

103 1697 167 1763 lata
197 1716 217 1761 a
243 1711 374 1773 paupere
397 1689 489 1756 vidua
510 1689 599 1767 longe
625 1684 691 1761 plut
709 1701 859 1777 cunamen·
893 1703 986 1750 mano
1003 1731 1012 1760 ,
1031 1683 1150 1762 quodsi
1178 1707 1242 1752 uno
1257 1689 1480 1772 oeulotareat,
1519 1693 1655 1763 tsedluo-

101 1778 195 1840 datur
218 1773 252 1840 dt
274 1769 441 1837 extollitur
459 1788 550 1848 quam
577 1761 860 1858 amplaedivitum,
894 1763 957 1830 sum
985 1766 1126 1830 dicitur.-
1157 1768 1202 1834 ita
1230 1766 1353 1835 bonitas
1381 1775 1504 1838 moralis
1530 1775 1655 1842 atluum

26 1921 28 1926 ,
121 1857 160 1919 iae
180 1850 444 1918 contributiones.
473 1847 552 1914 item
580 1842 757 1910 Concilium
787 1841 861 1906 Tri·
894 1843 1095 1910 humanorum
1115 1863 1177 1910 non
1196 1845 1428 1928 ell'repetenda
1445 1874 1463 1916 a
1481 1849 1550 1918 solo
1569 1854 1667 1920 obic-¹

102 1877 259 2000 Sentinum
271 1931 306 2011 st
326 1975 335 1993 .
356 1949 430 1995 xiv.
449 1945 510 2008 cap.
531 1947 563 1992 ii.
594 1924 709 2001 docet,
730 1923 861 1987 circum-
892 1921 941 1988 tto
969 1923 1018 1987 vel
1043 1922 1134 2014 fine,
1157 1929 1175 1990 d
1198 1926 1305 2004 quibua
1331 1927 1515 2013 formalem,
1538 1929 1655 2012 specifi-

104 2011 228 2077 llaiitiar
254 2028 422 2094 mutantes*
435 2005 563 2086 speciem
582 2002 777 2068 subiiciendat
799 2001 859 2066 esse
892 2023 977 2082 tam,
996 1999 1229 2069 &essentialem
1246 2008 1456 2076 moralitatem
1481 2015 1653 2092 recipiunt,

102 2089 242 2157 Ecciefiae
254 2089 411 2165 clavibus,
430 2088 551 2164 eoquia
562 2081 624 2147 sine
635 2081 693 2146 illia
704 2097 859 2158 nequeant
893 2079 1053 2147 sedetiam
1073 2105 1092 2148 a
1111 2083 1260 2150 concursu
1285 2087 1492 2156 adiundlorum
1515 2092 1567 2158 stu
1591 2095 1653 2159 cir·

103 2187 230 2250 peccata
253 2168 440 2236 sufficienter
454 2166 589 2243 erponi:
609 2161 688 2240 quod
704 2179 767 2225 non
784 2179 860 2225 con·
896 2158 1169 2257 cunslmtiarum,
1196 2185 1264 2244 quar
1286 2166 1359 2235 sunt
1379 2167 1655 2248 perseilionerbu-

104 2253 259 2332 tingeret,
287 2249 310 2313 si
334 2245 413 2314 astur
437 2245 560 2310 humaui
581 2263 643 2308 oon
667 2239 858 2310 desumerent
892 2263 990 2308 mania
1013 2239 1126 2308 astibus
1149 2243 1280 2324 debitae;
1302 2247 1377 2313 alias
1392 2246 1464 2316 suut
1486 2248 1651 2330 imperfecti

102 2327 183 2396 suam
201 2329 373 2396 bonitatem
395 2343 460 2392 aut·
472 2325 625 2389 malitiam
643 2323 742 2387 etiam
762 2337 784 2386 ι·
799 2323 858 2385 tir·
891 2321 925 2388 dt
941 2320 1174 2412 vitiosarum,
1193 2343 1229 2392 ut
1243 2329 1304 2392 iiim
1315 2327 1447 2396 vidimus
1458 2327 1597 2412 „bonum
1609 2351 1673 2408 ex„

25 2467 26 2476 ,
102 2409 318 2489 tumslantiir3
347 2409 417 2488 quia
436 2404 532 2471 adhuc
561 2402 622 2468 sine
644 2401 703 2466 illie
737 2399 857 2480 pollent
891 2405 1011 2483 integra
1024 2403 1145 2482 caussa,
1166 2406 1281 2470 malum
1294 2425 1334 2472 ex
1353 2403 1495 2492 singulari
1515 2406 1663 2476 deletio:
1710 2469 1716 2496 ,

100 2509 224 2568 motata
242 2489 427 2556 sufficienter
445 2485 615 2564 explicari.
637 2492 642 2504 “
891 2482 1014 2548 Etenim
1029 2480 1106 2572 sicut
1122 2483 1255 2564 obieeta,
1274 2491 1343 2566 quia
1359 2485 1518 2558 subiacent
1538 2491 1653 2570 regulis

136 2569 177 2634 Et
203 2567 278 2636 sane
294 2567 382 2634 sicuti
401 2559 637 2632 drnrurobteela
649 2559 856 2632 consentanea
890 2563 1144 2640 morum‚poiiimt
1159 2565 1222 2630 elie
1238 2566 1504 2642 lpiscoiisentanea
1521 2570 1574 2636 vel
1591 2565 1666 2646 dis·-

100 2664 154 2714 aut
173 2649 367 2716 dissentanea
387 2661 508 2711 naturae
530 2639 787 2736 rationali,'idest
808 2659 857 2736 re·
890 2639 1061 2736 sentanea,
1091 2662 1127 2708 ac
1147 2663 1307 2722 propterea
1332 2646 1439 2713 afferre
1463 2649 1575 2715 astibus
1594 2647 1652 2716 liu·

98 2725 151 2794 ἂι
172 2732 309 2806 rationi,
328 2726 368 2791 sic
387 2727 421 2790 dt
440 2719 677 2787 circumstantlae
695 2764 703 2780 .
724 2719 755 2781 Si
772 2737 856 2782 enim
890 2741 987 2784 mania
1003 2721 1149 2785 moralem
1164 2724 1335 2791 bonitatem
1351 2727 1384 2792 dt
1407 2729 1577 2808 malitiam,
1600 2733 1649 2796 ita

98 2823 186 2888 turpe
203 2809 249 2875 est
269 2804 397 2883 spoliare
419 2795 480 2865 sair
496 2797 583 2864 bonit
593 2799 763 2890 proximum
775 2796 858 2890 diri·
889 2802 986 2862 etiam
1010 2798 1244 2888 circumstantia
1266 2805 1403 2872 similiter
1426 2803 1584 2875 subiac'ent
1602 2806 1651 2873 iis-

98 2903 188 2967 temr
218 2902 305 2952 terte
325 2883 443 2961 turpior
461 2877 505 2968 esi
529 2875 702 2970 exspoliare
722 2874 857 2971 indigeo·
890 2875 958 2939 dein
983 2876 1122 2957 regulis,
1153 2900 1172 2944 ι
1193 2879 1301 2959 quibus
1325 2881 1378 2948 vel
1404 2889 1622 2964 praecipiuntur
1636 2882 1654 2968 ,'
1681 2948 1685 2954 ,

98 2983 182 3032 tem:
208 2965 342 3031 alterum
360 2963 442 3028 enlm
460 2957 574 3036 ipettrr
592 2955 629 3020 ad
643 2953 795 3037 obiedlum
810 2973 857 3019 iu-
891 2956 941 3022 rel
959 2953 1178 3039 probibentur,
1198 2958 1250 3026 vel
1270 2963 1508 3040 permittuntur.
1654 2975 1659 2986 '

97 3043 208 3125 litim
231 3045 365 3112 alterum
380 3040 416 3106 ad
432 3039 585 3104 rationem
599 3031 853 3101 circumstantiae.
930 3035 1017 3125 Nora
1028 3083 1036 3112 ‚
1047 3035 1082 3101 ad
1093 3036 1193 3106 hocut
1219 3037 1298 3107 astur
1314 3039 1462 3107 humanus
1477 3041 1652 3110 bonitatem
1683 3049 1686 3058 ’

98 3125 177 3192 Hinc
200 3122 267 3204 fit,
296 3121 375 3202 qood
401 3122 434 3182 in
460 3114 622 3183 moralibus
641 3114 753 3210 dentur
774 3113 854 3180 attur
890 3116 940 3182 vtl
963 3117 1115 3185 malitiam
1143 3119 1248 3190 trahat
1270 3143 1288 3190 a
1307 3119 1572 3202 circumstantiis,
1600 3143 1651 3188 ιι·

95 3205 147 3268 alii
156 3205 225 3271 aliis
234 3199 465 3288 melioret,licet
475 3196 554 3266 idem
562 3195 696 3264 habeant
703 3193 855 3262 obm‘lum
888 3197 965 3276 quiri
982 3215 1018 3268 ut
1035 3198 1093 3266 sint
1105 3201 1261 3283 praerisae,
1274 3203 1421 3284 &aliquo
1439 3201 1530 3270 modo
1546 3207 1651 3268 inten-

95 3283 295 3364 eomdemque
315 3282 430 3348 finem:
450 3282 521 3358 quia
543 3281 595 3345 alii
609 3275 851 3344 circumstantias
889 3297 950 3358 ιω,
969 3293 1121 3358 quatenus
1140 3281 1273 3350 honeste
1297 3281 1391 3349 sunt.-
1413 3285 1504 3364 quia‚
1525 3299 1560 3349 ut
1582 3283 1659 3348 ianr¹

97 3362 206 3430 babent
230 3363 300 3434 aliia
320 3362 490 3439 meliores,
514 3357 588 3424 idest
607 3355 797 3452 persedliorer
821 3361 853 3422 in
890 3360 1040 3443 vidimus,
1061 3362 1147 3430 nulla
1166 3364 1259 3430 datur
1277 3363 1399 3429 bonitas
1417 3363 1567 3443 moralis,
1590 3361 1788 3426 niff‘*

96 3441 151 3508 else
166 3447 284 3524 moris,
305 3440 461 3510 oonsecus
478 3461 514 3505 ac
532 3441 564 3506 in
581 3435 790 3507 artificialibus
806 3457 855 3504 ra·
887 3441 925 3506 sit
945 3443 1126 3510 voluntaria
1143 3441 1210 3510 atto
1226 3442 1278 3509 vel
1302 3443 1504 3510 virtualiter.
1523 3441 1569 3508 Ut
1590 3453 1651 3507 au-¹

98 3521 664 3606 tionecircumsiaritiarumcontingit,
691 3535 855 3596 tumque·
889 3519 1307 3601 remconferautmalitiam‚
1327 3520 1400 3592 satit
1416 3521 1460 3589 eli
1476 3545 1517 3601 q,
1568 3541 1665 3591 cuni*

96 3601 160 3666 dim
183 3605 300 3670 dentur
327 3599 498 3677 artesadla,
518 3621 595 3678 *quae
621 3615 739 3681 prater
754 3594 852 3682 perse·
889 3601 984 3665 vitari
1005 3602 1118 3682 possint
1134 3601 1338 3681 &debeann
1368 3601 1562 3687 nihilominus
1588 3621 1645 3666 vo·
1670 3608 1671 3625 ¹

98 3679 225 3751 dionem
262 3706 335 3750 uam
353 3679 715 3763 obtinemafiguraquae
731 3672 854 3772 elisor·
888 3683 992 3748 luntas
1010 3683 1065 3747 illa
1086 3680 1346 3764 idtarenegligit:
1365 3677 1648 3760 malumqoippueie

97 3781 143 3830 ma
174 3767 237 3832 ιιι·
264 3765 375 3842 cialis,
405 3763 497 3828 aliam
528 3764 676 3827 maiorem
702 3759 851 3834 reciprunt
887 3759 1269 3830 nolledeclinareamalo.
1294 3761 1434 3841 nine-qui
1451 3759 1658 3846 dateleemu-¹

96 3841 172 3907 tarde
189 3845 384 3936 elegantiora
418 3841 518 3922 fiunt,
542 3864 558 3908 a
577 3843 674 3907 variis
691 3836 853 3904 accidenti·
887 3839 995 3922 synam
1006 3841 1160 3907 Sacerdoti
1182 3863 1243 3908 non
1264 3843 1426 3907 attendens
1448 3835 1646 3905 circumstan-

94 3917 169 4000 bue,
187 3941 268 4004 pota
287 3943 326 3990 ex
353 3927 487 4000 partium
511 3922 687 3989 habitudine
730 3915 852 3996 disposi·
887 3925 962 3986 tiam
971 3915 1648 4004 personae,nonelicitadlumreligionis,sed

94 4002 176 4067 tione
190 4005 257 4072 dcc.
271 4025 307 4069 ac
324 4001 447 4082 proinde
462 3999 500 4071 fit
515 4003 594 4080 quod
611 4005 691 4066 inter
702 3965 769 4063 lac
780 4019 852 4075 quo·
886 3999 1098 4068 misericordia
1119 4002 1302 4066 dumtaxat:
1328 4005 1379 4080 qui
1399 4018 1474 4066 vero
1489 4019 1560 4064 eum
1576 4017 1647 4078 pet·-

94 4099 149 4225 Zue
169 4085 232 4150 alia
265 4083 378 4149 dentur
408 4081 476 4148 aliia
504 4084 648 4162 politiora
677 4077 728 4144 seu
756 4075 852 4159 perfe-
886 4081 985 4160 cutit,
1007 4080 1122 4147 nullam
1137 4079 1306 4168 sacerdotii
1327 4079 1438 4146 liabent
1463 4081 1644 4164 rationem.¹

120 4165 199 4230 iota.
887 4178 994 4238 percat
1009 4159 1096 4227 fimul
1112 4178 1225 4226 contra
1241 4153 1383 4227 iustitiam
1393 4161 1443 4226 ,δι
1467 4175 1576 4226 contra
1594 4172 1643 4222 re·

132 4245 239 4318 Quare
268 4241 505 4312 circumslautim
531 4242 711 4324 quandoque
735 4239 850 4328 addunt
887 4243 1056 4322 ligionem.
1078 4239 1118 4306 Et
1139 4243 1220 4305 ratio
1241 4235 1362 4306 huiusce
1382 4237 1556 4304 discriminis
1570 4231 1644 4309 est,

95 4319 168 4385 isloi
185 4323 321 4388 liumano
341 4345 456 4392 novam
474 4323 604 4404 spetiem
629 4321 779 4387 bonitatis
800 4319 858 4384 vel·
884 4320 964 4399 quod
983 4321 1059 4384 berre
1076 4339 1166 4399 agere
1181 4317 1219 4384 sit
1235 4319 1375 4396 quaedam
1390 4314 1554 4397 perfectio,
1575 4331 1644 4408 quat

94 4403 219 4468 malitiae
229 4403 375 4468 moralis.-
398 4405 522 4482 quando
536 4408 644 4480 nempe
659 4399 798 4468 efficiunt
815 4417 851 4465 ut
885 4406 917 4466 in
937 4399 1051 4464 aclibus
1075 4397 1213 4462 numinis
1232 4399 1352 4464 elucere
1377 4398 1482 4472 nequit
1505 4392 1567 4456 sine
1585 4391 1644 4468 ali-

79 4476 479 4551 ailussitconsomrisrel
497 4477 851 4556 difformirdiversisspe·
885 4501 943 4558 qua
962 4477 1175 4558 diligentia&
1194 4495 1310 4543 conatu
1337 4474 1539 4550 voluntatis;
1562 4471 1644 4536 male
1746 4535 1754 4551 ,

96 4559 193 4625 ciebo
210 4565 378 4642 virtutum3
396 4580 432 4631 ut
447 4565 573 4632 carnale
583 4577 743 4641 peccatum
757 4564 789 4622 in
799 4559 852 4624 Sa·
885 4579 962 4624 vero
984 4577 1073 4639 agere
1093 4555 1131 4624 sit
1150 4552 1301 4636 desedlus,
1320 4556 1371 4633 qui
1397 4550 1531 4632 sequitur
1546 4551 1645 4635 negli-

96 4639 218 4705 terdote
237 4641 271 4706 ἁ
290 4642 442 4725 Religiol'o
459 4643 502 4710 esi
531 4647 641 4712 contra
671 4637 849 4707 castitatem
886 4643 1023 4720 gentiam
1042 4635 1077 4703 &
1097 4633 1282 4702 socordiam.
1327 4657 1331 4664 ·
1593 4681 1596 4696 .

96 4716 130 4780 dt
149 4719 346 4804 religionem,
364 4725 443 4802 quod
460 4726 492 4790 iii
509 4723 636 4804 simplici
652 4717 788 4786 saeculari
807 4716 851 4784 est
923 4717 1007 4795 Quia
1028 4715 1066 4782 ad
1086 4714 1232 4780 moralem
1245 4713 1419 4780 bonitatem
1435 4709 1517 4779 allus
1537 4707 1651 4776 huma«,

95 4808 344 4882 tantumtontra
363 4802 558 4874 utilitatem.
583 4801 777 4882 Quandoque
793 4799 852 4872 rir-
884 4798 920 4905 ni
938 4797 1104 4878 requiritur
1123 4795 1204 4875 quod
1230 4789 1269 4865 stt
1288 4791 1508 4864 consentaneus
1529 4789 1644 4936 rat-ilis
