4030 5456
369 244 420 331 90
619 221 790 304 Tinea.
818 249 876 302 oa
906 229 1104 302 Acribus
1131 213 1358 305 Humanrs'
1373 229 1485 308 'Cra
1512 231 1578 310 Vl:

314 333 391 414 sagii
414 331 653 400 numerandum:
677 329 712 396 dr
733 327 939 412 propositione
958 347 1004 406 ις.
1026 328 1077 390 do·
1111 327 1143 396 in
1161 333 1409 410 propinquetur
1425 331 1561 401 ceciderit
1579 385 1588 415 ,
1610 333 1658 402 iii
1673 339 1758 408 erit.
1788 344 1881 414 Unde

317 433 388 491 eet,
412 417 563 480 rationem
583 414 685 476 meriti
708 415 741 474 in
762 431 801 476 eo
821 409 917 475 solum
937 405 1078 473 confile-
1111 411 1132 472 li
1153 411 1249 476 homo
1274 411 1383 479 debeat
1410 433 1560 496 perpetuo
1579 437 1757 496 pennanere
1785 425 1817 491 in
1841 447 1881 493 co

315 511 368 574 re,
388 493 467 573 quod
483 497 547 572 quis
562 493 683 559 obediat
703 492 763 572 legi
773 493 906 558 diuina.
926 489 991 580 Has
1007 509 1076 567 pro·
1111 491 1194 556 llatu
1212 489 1317 568 inquo
1331 513 1411 558 mors
1430 514 1502 560 eum
1518 499 1748 576 apprehenderit
1759 529 1770 584 ,-
1791 523 1879 572 certe

316 573 480 654 politiones
505 595 575 639 cum
598 571 730 652 pluribus
755 573 821 636 aliis
841 567 1076 648 proscripserunt
1111 571 1188 634 nihil
1207 569 1272 649 post
1292 591 1425 638 mortem
1441 581 1556 650 ,mereri
1578 579 1695 658 potest.
1710 583 1805 653 Nulla
1826 605 1880 651 au-

235 659 241 668 '
315 653 612 722 summi·Pontifices
643 653 711 718 Pius
742 652 781 716 V.
802 651 969 732 Gregorius
987 647 1075 713 Xlll.
1111 671 1174 716 tem
1194 653 1278 717 rario‘
1295 657 1337 718 rei
1359 653 1450 720 huius
1467 655 1573 722 afferri
1593 661 1692 740 potell
1712 681 1802 744 quam
1820 665 1880 730 Dei

314 735 458 801 Urbanus
473 733 556 800 Vlll.
1110 734 1275 814 voluntas,
1296 753 1313 798 a
1330 755 1389 810 qua
1404 735 1524 814 prorsus
1539 737 1711 818 dependet.

293 835 328 858 ··
356 817 552 881 Sententiam
578 811 659 878 hanc
684 812 725 880 de
753 811 906 892 requlfiris
930 813 964 878 in
992 809 1075 875 liatu
1150 813 1277 877 Necelle
1297 813 1341 878 eli
1367 814 1499 881 tandem
1518 817 1560 883 ad
1576 825 1722 888 meritum
1741 823 1984 896 daumasiae

315 900 426 978 gratita
447 898 486 960 ad
504 893 682 958 merendum
708 893 888 962 diuinarum
906 894 1076 971 Scriptura·
1109 891 1138 956 di
1181 915 1201 958 o
1222 893 1339 969 padum
1357 913 1398 960 ex
1417 915 1507 976 parte
1520 899 1601 980 Dei,
1629 898 1681 967 seu
1696 901 1834 988 gratuita
1853 889 2009 974 l·‘⁰⁰⁶¹¹'⁰·

315 997 383 1042 rum
393 974 525 1042 oracula
545 990 608 1040 non
629 970 755 1042 obscure
775 975 995 1052 comprobant.
1010 971 1075 1036 Ha·
1110 911 1186 1064 pistis
1196 973 1452 1052 promilsrodandi
1462 979 1650 1046 mercedem·
1665 983 1736 1050 Hoc
1747 985 1882 1054 declara·

311 1057 405 1122 betur
428 1057 512 1122 enim
541 1054 651 1120 Ezecb.
675 1077 711 1121 ca
733 1101 743 1118 .
768 1073 884 1122 xvrrr.
916 1057 953 1142 Si
975 1064 1074 1117 autem
1110 1068 1159 1118 vit
1181 1055 1356 1121 Concilium
1377 1055 1596 1126 Tridentinum
1616 1063 1737 1130 lancia
1754 1067 1804 1132 ubi
1821 1069 1882 1133 Paa-

310 1147 458 1201 aoertertr
471 1134 505 1216 se
520 1135 613 1217 iustus
632 1157 651 1199 a
670 1136 702 1200 iu
725 1136 780 1202 iaia
794 1132 875 1218 sua.
895 1181 902 1198 .
920 1181 930 1200 .
948 1181 955 1197 .
976 1151 1075 1198 omnes
1110 1153 1175 1201 tres
1204 1137 1321 1201 docem
1347 1139 1452 1202 vitam
1473 1157 1626 1206 aeternam·
1650 1145 1876 1224 proponendam

310 1217 503 1302 institia-eius
519 1235 592 1298 qaas
600 1213 737 1300 fecerat,
758 1237 813 1281 non
828 1214 1073 1282 recordabuntur.
1108 1215 1170 1280 elie
1195 1215 1386 1296 iullificatis,
1411 1233 1569 1296 tamquam
1587 1227 1757 1290 mercedem
1772 1249 1791 1292 a
1812 1227 1881 1292 Deo

312 1299 345 1360 Si
365 1315 526 1377 peccatum
550 1295 728 1374 subsequens
748 1297 833 1362 delet
858 1299 972 1362 merita
992 1296 1073 1376 prius
1110 1295 1281 1384 promissam
1300 1297 1390 1362 bonis
1403 1304 1685 1379 corrumpendus.
1702 1307 1880 1374 Veritatem

311 1375 480 1458 acquisita,
505 1399 524 1444 a
545 1379 669 1442 lortiori
688 1377 815 1457 impedit
838 1379 998 1454 quominus
1018 1391 1074 1438 no·
1110 1377 1187 1441 hanc
1207 1377 1288 1441 clare
1309 1375 1412 1442 tradit
1425 1379 1586 1456 Scriptura
1607 1387 1763 1464 prarcipue
1777 1384 1880 1452 iacob,

310 1480 354 1524 va
378 1461 489 1525 merita
518 1461 734 1537 acquirantur.
766 1457 807 1523 Et
837 1457 885 1522 Ιο.
917 1473 988 1536 cap.
1020 1473 1073 1520 av.
1108 1479 1174 1536 cap.
1197 1477 1226 1520 1.
1246 1461 1358 1522 Beatus
1384 1455 1440 1521 vir
1461 1461 1515 1538 qui
1554 1462 1642 1546 uffrrt
1665 1463 1876 1532 renationem:

308 1540 372 1621 Qui
391 1552 489 1605 maret
509 1541 543 1604 in
566 1537 720 1616 caritatt,'
737 1537 770 1604 in
800 1543 858 1604 Deo
886 1535 1004 1615 manes,
1033 1531 1073 1601 D
1108 1536 1248 1618 quoniam
1275 1555 1342 1602 cum
1358 1533 1496 1618 probatur
1536 1542 1616 1607 uerit
1624 1591 1638 1622 ‚⁴
1655 1545 1776 1626 accipiet
1797 1567 1876 1610 roro·

308 1625 390 1690 Deus
405 1620 438 1686 in
454 1641 503 1686 eo·
522 1620 605 1685 ldem
624 1621 707 1686 circa
725 1621 874 1684 meritum
894 1618 1002 1708 docuit
1025 1631 1073 1681 et·
1108 1639 1177 1682 nam
1196 1617 1274 1707 oitae
1301 1635 1390 1695 quam
1404 1621 1562 1759 refiromifit
1582 1629 1662 1687 Deus
1684 1624 1880 1710 diligentibus

308 1703 372 1769 iam
391 1701 566 1767 Concilium
591 1699 815 1765 Tridentinum
837 1696 905 1781 seff-
929 1717 983 1764 vr.
1012 1713 1071 1776 cap.
1102 1698 1156 1779 sc·
1182 1704 1267 1762 Ηιιιι
1284 1697 1314 1758 S.
1340 1697 1429 1776 Augu
1458 1702 1526 1763 inus
1549 1701 1638 1780 serm.
1656 1705 1776 1770 clvrrr.
1799 1709 1882 1773 altas

308 1793 386 1846 arur.
416 1780 671 1862 supralaudato.
692 1779 735 1844 Et
750 1781 901 1859 precipua
921 1777 1003 1842 ratio
1016 1775 1074 1840 ltu·
1108 1797 1180 1844 xvr.
1198 1777 1235 1843 de
1257 1773 1342 1841 vers.
1362 1777 1464 1865 Apoll.
1482 1781 1551 1842 ait:
1574 1781 1692 1848 Debitor
1704 1783 1808 1866 flarius
1837 1787 1877 1858 ers

309 1859 394 1928 iuste
410 1863 596 1928 conditionis
617 1857 679 1938 est,
700 1856 819 1936 quodsi
841 1858 880 1922 ad
897 1853 1072 1920 merendam
1107 1865 1203 1937 Deus,
1223 1876 1280 1923 non
1300 1877 1323 1919 a
1335 1858 1413 1921 nobis
1426 1857 1542 1936 aliquid
1558 1859 1808 1946 aciipiendo‚·sed
1823 1865 1882 1930 ali·

214 2011 224 2026 ⁶
311 1943 353 2006 de
369 1943 523 2023 condigno
550 1943 653 2008 vitam
683 1955 837 2003 aternam
855 1953 917 2001 non
939 1939 1073 2014 require·
1108 1937 1273 2018 quidquod
1290 1935 1670 2016 ei-ptacuitpromittende.
1689 1945 1813 2021 Duplici
1828 1965 1886 2008 ra-

168 4203 274 4280 Quadi·

171 4283 301 4382 1ιζοιιιιιιι·

309 2033 402 2091 re'tur
416 2021 516 2086 status
563 2024 671 2097 ratiae,
699 2015 876 2096 sequeretur
894 2015 951 2082 hoc
972 2013 1072 2081 absur-
1108 2023 1197 2086 tione
1214 2019 1269 2084 boc
1285 2017 1520 2096 comprobatur..
1539 2023 1644 2086 l’rimo*
1658 2041 1784 2102 nempe,
1804 2025 1879 2102 quia

310 2102 407 2168 dum:
429 2101 507 2179 quod
538 2113 605 2166 scut
624 2113 770 2177 peccator
784 2095 883 2178 pollet
903 2099 1013 2162 mereri
1035 2095 1072 2161 de
1107 2121 1177 2166 cum
1197 2097 1292 2164 simus
1308 2114 1422 2161 namra
1436 2095 1516 2164 servi
1533 2099 1592 2166 Dei
1608 2121 1652 2167 aq
1669 2105 1739 2167 eiua
1756 2120 1888 2169 creatu·

309 2183 460 2260 condigno
477 2184 579 2248 vitam
594 2196 765 2258 aeternam,
786 2179 885 2257 pollet
905 2178 1014 2243 mereri
1034 2176 1073 2240 sr-
1109 2201 1172 2260 ιιι,
1187 2196 1272 2245 certe
1292 2177 1375 2243 Deus
1394 2196 1490 2254 opera
1506 2184 1610 2246 omnia
1634 2183 1756 2262 exigere
1779 2179 1886 2262 potest

309 2261 430 2328 militer
453 2261 494 2328 de
511 2259 664 2342 condigno
690 2255 772 2325 suarn
802 2255 1072 2336 iustificationem,
1109 2281 1126 2326 a
1146 2259 1251 2336 nobis,
1267 2257 1302 2324 dt
1317 2277 1374 2324 nos
1391 2275 1429 2321 ea
1446 2256 1500 2336 ipsi
1521 2259 1649 2326 reddere
1665 2279 1808 2327 tenemur
1830 2279 1880 2328 et·

309 2342 461 2408 'videlicet
488 2339 693 2408 remissionem
722 2353 917 2419 peccatorum
936 2337 973 2404 dt
989 2333 1073 2401 insu·
1095 2343 1171 2405 *iam
1197 2337 1263 2404 fine
1278 2337 1347 2403 ulla
1372 2339 1521 2404 mercedis·
1540 2337 1748 2420 promissione.
1772 2341 1881 2418 Quare

310 2420 429 2488 sionem
460 2423 569 2504 gratias
606 2417 852 2485 lmdificantis.
884 2421 967 2496 Quia
1003 2437 1072 2484 cum
1107 2421 1134 2483 S.
1153 2417 1881 2504 Augustinusreim.clvrnlnsxrnmeuerb.

311 2519 432 2569 aeterna
454 2505 522 2568 vita
551 2497 762 2578 consequenda
782 2497 822 2564 sit
842 2517 1000 2578 tamquam
1023 2497 1073 2562 he·
1108 2503 1207 2583 Apost.
1220 2500 1288 2564 haec
1306 2497 1418 2563 habet:
1441 2497 1532 2567 Nihil
1546 2502 1620 2568 addi
1636 2503 1678 2567 ad
1691 2503 1774 2586 illam
1791 2498 1880 2567 iene-

308 2581 428 2648 iecsstas
453 2598 474 2647 a
504 2581 576 2647 liliis
597 2631 605 2662 ‚
634 2583 724 2645 itaxta
745 2577 929 2657 Apostolum
949 2580 986 2646 ad
1006 2575 1072 2642 Ga·
1108 2581 1274 2647 volentiam
1290 2579 1488 2668 patriisquia
1508 2601 1621 2662 nempe
1632 2581 1806 2648 mercedem
1829 2601 1880 2656 re,-

316 2663 370 2727 lat'.
387 2681 450 2742 cap.
476 2683 529 2730 tv.
553 2662 585 2729 ti
595 2663 697 2742 filius,
716 2658 757 2728 (5
776 2660 883 2741 teres,
902 2663 953 2738 qui
976 2677 1074 2724 mere·
1109 2659 1285 2740 promittit)
1302 2661 1380 2742 Quis
1398 2659 1454 2740 est,
1473 2663 1528 2741 qui
1545 2663 1651 2741 ditate
1661 2662 1764 2744 sanem
1785 2673 1817 2727 te
1835 2657 1884 2729 sl*

312 2757 401 2808 retur
419 2743 630 2812 hereditatem·
647 2791 655 2822 ,
675 2758 713 2806 eo
734 2737 798 2824 ipso
812 2757 984 2808 mereretur
1004 2737 1075 2804 ado'·
1108 2739 1248 2806 dalo‘tibi
1256 2737 1438 2820 mercedem?
1455 2741 1618 2824 Secundo,
1634 2749 1705 2824 quia
1718 2761 1808 2808 nemo
1832 2759 1888 2806 te··

309 2825 391 2902 ptari
418 2825 450 2888 in
479 2823 605 2888 filium:
636 2821 789 2887 hereditas
823 2824 914 2886 enim·
940 2841 1002 2886 non
1018 2820 1076 2883 da·
1109 2839 1273 2889 netutrem
1290 2815 1374 2885 suam
1384 2821 1671 2890 uendereofferenti
1688 2821 1880 2899 iuliumpre·

309 2919 362 2970 tur
381 2901 436 2969 nisa
459 2904 549 2969 filiis.
573 2903 672 2968 lmmo
687 2899 770 2966 aliud
788 2905 886 2968 etiam
901 2899 1075 2980 sequeretur
1110 2906 1214 2982 tium,
1230 2897 1285 2965 nili
1303 2899 1584 2980 pastumtendendi
1603 2903 1806 2984 praecesserim
1822 2921 1887 2965 nec

308 2983 398 3064 peius
423 2981 614 3056 absurdum:
641 2981 791 3048 videlicet
819 2981 902 3062 quod
932 2997 1077 3061 peccator
1109 2983 1305 3049 Mercenario
1325 2985 1460 3060 pretium
1479 2985 1516 3052 de
1531 3003 1632 3052 merce
1650 2981 1793 3064 debetur,
1822 2977 1887 3048 nist.

306 3065 418 3130 endem
452 3083 598 3144 tempore
634 3061 725 3128 sturni
761 3077 940 3129 mereretur·
968 3061 1076 3128 vitam
1109 3061 1274 3130 condutius
1291 3061 1504 3129 laboraverit..

307 3161 464 3210 aeternam.
489 3149 503 3221 (
533 3161 571 3208 ut
598 3143 673 3208 uult
698 3145 861 3221 contraria
887 3143 1075 3218 sententia)
1151 3140 1681 3211 Dices.1taselabetatrioboua
1707 3145 1739 3206 in
1757 3141 1888 3208 ratione·

308 3224 344 3288 dc
363 3225 595 3290 damnationem
616 3231 786 3300 aetemdm3
818 3243 860 3289 eo
877 3226 952 3302 quia
968 3241 1080 3304 pecca·
1110 3225 1233 3302 meriti,
1253 3221 1343 3289 sicuti
1363 3227 1482 3290 malain
1505 3231 1624 3292 ratione
1635 3225 1794 3290 demeriti.
1812 3219 1889 3283 Un-

311 3305 428 3369 t'or'est
447 3311 521 3370 reus·
536 3321 639 3382 poenae
653 3319 804 3368 acernae.
1111 3306 1149 3370 de
1167 3302 1194 3368 sr.
1210 3321 1285 3381 opus
1304 3303 1430 3369 ‘malum
1450 3305 1681 3372 damnationem
1701 3319 1890 3382 paenamque

349 3381 461 3450 Dices.
477 3381 529 3451 nd
548 3382 792 3460 consequendam
809 3383 913 3450 uitam
930 3399 1081 3452 aternam
1112 3401 1248 3452 metetur
1267 3387 1347 3450 citra
1370 3385 1525 3463 quodlibet
1547 3387 1602 3452 Dei
1625 3383 1768 3464 padium3
1783 3401 1819 3446 ac
1836 3377 1883 3444 id·

309 3461 388 3528 nihil
405 3463 488 3530 aliud
504 3480 683 3546 proponunt
699 3463 812 3530 divinae
834 3465 998 3546 Scriptura
1023 3461 1078 3529 nisa
1112 3487 1157 3532 eo
1185 3469 1340 3545 punitur,
1362 3471 1516 3545 nunquia
1536 3464 1602 3545 ipsa
1622 3485 1713 3545 poena
1742 3459 1885 3542 promissa

311 3543 526 3612 mandatorum
544 3537 790 3612 observantiam.
808 3541 858 3611 lta
874 3544 992 3611 Marah.
1011 3565 1080 3623 cap.
1113 3546 1151 3611 srt
1191 3544 1244 3611 led
1257 3549 1329 3624 quia
1349 3565 1419 3612 teus
1441 3549 1684 3626 poenammeruit
1696 3566 1708 3606 :.
1722 3546 1884 3606 immono-

311 3631 384 3693 xrx'.
397 3625 489 3692 Sinis
504 3627 549 3690 ad
565 3621 670 3689 uitam
681 3623 797 3707 ingredi
806 3671 821 3706 ‚.
838 3621 939 3708 serve
956 3625 1084 3692 manda·
1114 3596 1262 3705 niliquia
1269 3647 1345 3692 reus
1358 3645 1483 3704 poenam
1496 3629 1631 3703 meruit,
1644 3623 1694 3688 eli·
1705 3615 1893 3699 illlprotoii-=

310 3715 365 3770 ta..
404 3703 497 3786 Resp.
515 3707 573 3772 hoe
591 3725 764 3784 proponere
777 3705 968 3785 Scripturam
983 3705 1084 3771 homi·
1114 3705 1165 3774 sa,
1184 3705 1282 3788 Igitur
1297 3727 1317 3770 a
1337 3711 1404 3785 pari
1420 3707 1535 3772 bonum
1552 3721 1629 3780 opus
1644 3718 1785 3767 metetur·
1802 3719 1887 3764 mer·

310 3786 403 3852 nibus
423 3789 630 3868 pergratiam
648 3785 817 3852 iulllficatis
838 3789 1082 3868 irregeneratis
1113 3789 1224 3854 cedem·
1244 3785 1306 3851 fine
1321 3787 1386 3850 ullo
1408 3785 1466 3848 Dei
1487 3783 1591 3862 patio,
1630 3779 1715 3862 Resp.
1743 3778 1885 3864 negando

311 3867 346 3929 in
365 3865 504 3944 Chrisso,
524 3887 587 3932 non
606 3885 684 3931 vero
701 3868 936 3946 peccatoribus
953 3865 1083 3932 cumdi·
1113 3865 1378 3946 consequentiam.
1400 3865 1439 3928 Et
1461 3865 1525 3930 lara
1544 3859 1782 3943 eneruatius,
1800 3858 1885 3952 quod

310 3963 365 4014 eat
384 3943 448 4026 ipsa
469 3947 646 4026 Scriptura:
663 3947 735 4030 -niss
755 3947 823 4028 qais
850 3961 971 4014 renatus
983 3945 1082 4042 faerit
1114 3949 1198 4015 Deus
1215 3945 1350 4012 non'fiat
1365 3944 1483 4012 debitor
1499 3945 1615 4032 bomini
1636 3945 1774 4022 peccanti
1800 3957 1885 4035 'am-

311 4047 350 4091 ex
369 4047 450 4108 aque
466 4027 512 4094 sa*
526 4025 644 4108 spiriru·
657 4031 777 4108 Sanno,
800 4051 860 4096 non
870 4029 956 4112 potest
976 4025 1084 4093 introi·
1115 4027 1239 4108 moipse
1259 4043 1402 4105 peccator
1417 4024 1458 4093 fit
1476 4025 1594 4092 debitor
1613 4025 1727 4114 divinae
1739 3989 1891 4112 italiana.-

311 4127 343 4172 ne
357 4107 397 4180 in
416 4127 540 4189 regnum
557 4109 616 4174 Dei
625 4155 636 4171 .
652 4108 695 4175 lo.
712 4129 782 4190 cap..
803 4127 875 4174 ιιι.Ι
1116 4109 1203 4177 Hine
1221 4126 1350 4188 peccata
1364 4105 1512 4174 dicuntur
1528 4107 1651 4180 debita:
1672 4095 1887 4168 Demittendus

352 4189 400 4254 Ad
416 4191 561 4255 meritum
583 4187 626 4254 de
641 4190 795 4270 condigno
812 4189 983 4270 requiritur
1004 4189 1084 4268 pari·
1115 4187 1211 4256 deditii
1226 4189 1338 4270 nostra,
1358 4185 1475 4255 Matth.
1496 4186 1721 4266 capsellam
1735 4195 1889 4278 creatura

314 4283 363 4336 ter
382 4287 423 4336 erc
450 4265 557 4337 divina
583 4265 774 4350 dispostione
815 4271 893 4350 quod
916 4269 1013 4336 bomo
1030 4269 1082 4348 qui
1116 4267 1214 4352 potest
1234 4265 1265 4335 se
1273 4269 1407 4354 obligare
1415 4267 1559 4348 Creatori
1575 4263 1638 4336 fine
1657 4263 1723 4332 ulla
1742 4275 1806 4332 erus
1814 4277 1897 4342 pro·

207 4366 216 4385 ·
312 4345 532 4417 mererisdebet¹
542 4399 552 4432 ,
571 4348 768 4430 saturatum
788 4344 832 4415 eil
848 4355 885 4418 iu
901 4347 982 4416 statu
998 4351 1084 4417 viae:
1116 4350 1277 4428 missione.

312 4447 349 4496 ut
377 4433 465 4510 pitbt
487 4449 527 4498 ert
557 4431 613 4497 illo
627 4437 670 4496 io.
691 4448 752 4512 rap.
773 4449 827 4495 rx..
854 4431 907 4503 urbi
935 4428 1086 4496 statuitur

314 4513 459 4574 terminus
479 4511 758 4602 meririintmorte:
780 4509 868 4580 Venit
888 4533 947 4582 nox
967 4509 1084 4592 quaudo
1231 4517 1237 4525 '
1438 4513 1465 4584 ς.
1500 4505 1568 4577 Vl..

312 4595 667 4754 trurtlrleufu
687 4589 1084 4756 tentatura
1158 4631 1425 4704 ηηηηη
1442 4631 1642 4764 ηηηη
1656 4629 1851 4706 η-ηηη

317 4767 468 4830 optrmrtt
484 4753 612 4818 bonam:
630 4753 666 4820 dt
682 4752 762 4822 Eccl.
783 4773 850 4834 cap.
867 4775 916 4822 ιιι.
927 4753 962 4820 Si
975 4755 1085 4825 cecide·
1157 4753 1360 4822 Condiriones
1380 4750 1419 4818 ad
1440 4765 1585 4817 meritum
1604 4740 1643 4812 de
1656 4759 1796 4824 congruo·
1811 4755 1898 4818 qua·

311 4831 353 4900 rit
377 4831 492 4918 'imm
513 4835 561 4900 ad
570 4834 724 4918 ,epyrum
748 4847 804 4904 aar
826 4835 1086 4921 aequaisontm,
1119 4853 1191 4904 tuor
1207 4833 1423 4956 recensentur·
1439 4831 1542 4901 Prima'
1558 4825 1724 4907 videlieet,
1742 4817 1900 4977 θίξιῑιὶῐέὓξῡῖ
