4030 5456
362 253 573 323 Tuner.
604 267 676 318 nn
707 244 954 320 lincunt
994 246 1210 323 Monuit
1242 243 1418 320 ΕΔΜ.
1549 255 1631 318 rot

128 349 272 438 srdeefim
293 349 330 415 aa
348 346 654 426 laurentianum,
675 359 710 406 ut
731 343 791 404 um
806 341 886 404 dixi·
923 345 962 410 πό
982 342 1198 422 intelletum,
1222 361 1290 408 tum
1315 341 1355 407 ad
1377 341 1605 408 volontatem:
1631 339 1687 404 Et·

128 445 190 500 mus
204 447 314 498 antea.
918 428 1004 490 enim
1025 425 1082 489 alii
1101 423 1189 488 ailus
1203 427 1258 500 -qui
1285 421 1463 488 tribuuntur
1486 420 1685 487 conscientie

164 512 294 579 Additur
325 511 357 572 in
388 505 575 572 definitione
598 499 809 568 Conscientiae
831 499 888 563 vei
922 503 1088 582 respiciunt
1111 501 1331 582 intelledlum,
1361 520 1396 566 ut
1417 502 1570 580 iudicare,
1585 501 1621 566 dt
1642 517 1687 563 te·

129 595 199 672 quod
210 591 258 672 agi
265 601 347 670 ,aad
360 587 457 652 omlln'
468 583 623 667 debuisset,
640 585 711 657 quia
726 574 886 644 conscien·
923 583 1068 662 llilicari,
1088 583 1141 646 alii
1159 584 1377 659 voluntatem,
1396 599 1432 646 ut
1445 583 1534 659 pungi
1550 631 1558 658 ‚
1572 597 1687 644 femor.

127 671 233 738 tiaeell
253 691 315 736 non
339 665 562 732 sotumnttare
587 663 623 728 δε
654 659 789 724 iudicare
806 663 886 723 circa
923 665 1011 741 dere,
1033 660 1194 740 instigare.
1211 661 1251 726 Et
1269 661 1324 728 tali
1346 661 1433 742 pasto
1453 661 1606 742 Theologi
1623 653 1688 738 pol·

128 749 245 830 futura,
265 750 315 814 seu
328 752 412 812 eirca
433 746 572 825 agenda,
589 740 638 805 led
656 744 753 833 etiarn
768 738 884 803 iudica·
915 739 991 810 ,sunt
1005 747 1085 808 circa
1101 744 1159 806 hoc
1179 743 1355 808 concilim,

125 853 156 898 te
178 833 212 898 ἀ
231 827 387 894 testificari
417 828 453 889 de
483 820 569 887 fanu
588 822 762 901 preterito
785 865 795 896 ,
817 833 885 894 quae

124 908 321 991 cognobimus
336 927 397 972 not
416 903 518 970 leciss‘e
535 902 586 968 vel
602 896 730 966 ornisrlse
751 919 759 960 t
779 917 886 974 appro-
1149 912 1152 924 ⁴
1237 909 1279 970 §.-
1309 900 1363 965 ῃ,

124 991 216 1058 bando
245 995 352 1054 eorum
378 986 581 1058 bonitatem,
608 981 629 1042 st
658 978 736 1043 bona
760 974 885 1042 ¹luerint
1078 1025 1124 1089 De
1139 1016 1296 1100 „iviſsem
1313 1013 1526 1086 conmercia.

126 1069 229 1148 (qnod
252 1071 342 1133 nobit
375 1067 456 1143 parit
487 1067 642 1126 internam
680 1057 886 1146 tranquillita·
1254 1137 1259 1147 Ι

125 1167 206 1226 tem,
223 1168 258 1214 ut
280 1147 320 1210 ll.
343 1147 380 1210 ad
399 1143 539 1207 Corinth.
558 1161 623 1215 cap.
649 1157 675 1200 r.
703 1137 806 1203 Gloria
831 1157 884 1199 tro·
960 1129 1153 1198 Conscientia
1170 1131 1332 1211 multiplex
1351 1127 1395 1194 est
1417 1129 1688 1200 lunationem

120 1219 314 1312 stmbaecest,
332 1225 526 1304 testimonium
546 1216 726 1299 conscientie
740 1215 843 1294 nasbae
860 1214 886 1290 ,l
924 1208 988 1274 fite
1008 1217 1130 1277 ratione
1142 1212 1284 1292 obieili,
1309 1211 1518 1277 irroratione
1549 1215 1689 1291 principii

121 1311 169 1372 vel
185 1329 293 1374 eorum
309 1307 460 1370 malitiam
478 1298 709 1379 redarguendo,
727 1294 824 1372 qualit
844 1295 887 1356 eli
924 1291 976 1358 vel
998 1288 1145 1377 ailensut.
1163 1297 1268 1358 Primo
1287 1293 1425 1369 quidem,
1442 1287 1691 1360 conscientiaru-

119 1385 314 1453 cnnscientia
339 1386 584 1456 damnatorum,
618 1395 741 1456 qurum
771 1373 888 1438 nemis
924 1373 1011 1436 tione
1031 1368 1162 1449 lui,seu
1183 1373 1384 1449 iudiciiquod
1401 1369 1519 1452 lectur,
1538 1373 1690 1440 dividitur

121 1488 179 1531 non
196 1466 324 1532 moritur
344 1512 352 1541 ,
372 1463 467 1526 Mire·
491 1479 557 1536 tal>-
575 1473 611 1534 9·
629 1458 735 1531 Qum
767 1453 797 1516 S.
820 1455 888 1518 Au·
925 1453 956 1513 in
971 1454 1229 1530 precipientem,
1244 1471 1311 1528 quae
1331 1449 1424 1516 distat
1442 1451 1555 1528 aliquid
1575 1454 1636 1516 elle
1652 1453 1690 1516 de

120 1546 260 1625 gostinus
282 1548 313 1607 in
335 1537 444 1622 Psalm.
465 1549 582 1604 xxxva.
602 1539 647 1600 ait
666 1557 674 1598 :
693 1539 774 1598 Deus
795 1532 889 1600 tum
924 1546 1098 1607 praceptot
1117 1533 1149 1594 in
1163 1529 1401 1610 conlulentem,
1425 1551 1496 1609 quae
1514 1532 1631 1609 aliquid
1653 1550 1689 1594 o·

117 1626 202 1701 erit,
222 1625 300 1688 alias
319 1621 397 1704 'restis
413 1641 501 1700 quam
521 1613 695 1697 conscientia
710 1635 766 1677 tren
781 1613 859 1676 eru.
924 1609 1043 1673 stendit
1055 1609 1117 1673 elle
1131 1610 1172 1673 de
1191 1611 1343 1687 conlilio;
1373 1614 1405 1673 in
1427 1617 1691 1690 permittentem,

158 1707 245 1767 Hinc
260 1703 417 1780 colligitur
434 1695 633 1778 ·ergo,quod
653 1691 822 1773 lyndeatsre
843 1689 886 1756 stt
922 1705 991 1766 quc
1005 1691 1136 1767 exponit
1155 1689 1272 1766 aliquid
1301 1709 1384 1754 mere
1413 1691 1691 1768 permillomelie,
1754 1695 1756 1700 ’

118 1779 246 1857 quidem
263 1773 383 1846 interna
404 1778 522 1843 adluum
542 1777 745 1838 humanorum
768 1771 886 1850 regula,
923 1769 975 1832 seu
992 1781 1047 1832 nec
1073 1772 1222 1848 praecipi,
1246 1788 1302 1834 nec
1328 1768 1499 1846 prohiberi.
1526 1771 1690 1846 Secundo,

116 1861 165 1924 led
175 1865 270 1939 magis
280 1875 396 1924 remota
407 1877 420 1935 ‚·
437 1873 546 1934 utpote
554 1873 620 1931 quae
636 1853 730 1929 legem
740 1851 889 1932 generali·
923 1851 1045 1912 ratione
1063 1847 1172 1912 obieui
1192 1847 1287 1912 dividi
1310 1849 1389 1913 lolet
1407 1855 1437 1911 in
1459 1849 1572 1914 reddam
1593 1898 1602 1926 ,
1622 1866 1690 1924 quae

115 1958 166 2004 rer
180 1933 314 2004 'tantum
332 1955 502 2014 proponat:
526 1933 711 1999 conicientia
733 1949 823 2005 veto,
842 1946 888 1993 ta·
919 1933 1020 2012 ariam
1034 1927 1113 1991 bona
1130 1929 1248 2004 dicitur
1260 1938 1277 2007 ’ς
1295 1929 1331 1994 ’ἀ
1351 1933 1382 1991 in
1394 1945 1561 1993 erroneam
1578 1943 1588 2004 ',
1626 1927 1690 1992 live

114 2017 208 2084 merli
230 2014 451 2084 secundariaiit
461 2031 525 2080 uta
545 2009 696 2094 lyndoresr
705 2010 890 2087 dependent,
920 2005 1030 2070 lallam
1060 2003 1094 2071 dt
1121 2007 1260 2071 malam.
1304 2005 1502 2072 Conscientia
1531 2007 1611 2073 resta
1640 2009 1692 2072 l'eu

117 2100 159 2162 eli
185 2115 293 2163 tamen
316 2098 423 2176 regula
452 2096 589 2171 proxima
610 2089 650 2168 ¹dt
680 2088 884 2164 immediata,
924 2085 1001 2150 bona
1017 2087 1063 2149 ita
1093 2102 1226 2150 rotatur
1250 2135 1259 2164 ,
1283 2089 1404 2164 quando
1425 2088 1607 2164 pellionibus
1628 2105 1692 2150 non

118 2199 184 2254 quat
206 2179 304 2257 legem
324 2171 461 2256 applicat
477 2177 510 2236 in
526 2170 726 2251 particulari:
756 2158 884 2230 cnollat
923 2163 1085 2229 obscurata
1098 2185 1137 2230 ex
1160 2169 1315 2244 principiis
1331 2168 1467 2243 pradlicit
1487 2215 1497 2246 ,
1527 2165 1692 2232 stcundum

24 2304 25 2308 ,
120 2258 253 2333 itidem,
282 2252 462 2336 synderefim
491 2251 625 2329 regulam
650 2248 714 2312 elie
743 2242 887 2310 infallibi·
923 2245 1287 2312 omnescitcumliantias
1309 2245 1423 2326 rediit,
1445 2248 1580 2324 applicat
1601 2247 1638 2311 ad
1659 2259 1691 2311 a·

117 2335 207 2413 lem3
237 2357 307 2398 cum
336 2339 418 2406 circe
442 2330 596 2412 generalia
622 2330 769 2406 principia
790 2322 885 2404 perse
925 2322 1018 2402 liquid
1039 2325 1191 2402 agendam
1214 2326 1269 2391 vel
1291 2330 1497 2394 omittendum
1518 2351 1527 2407 ;
1547 2327 1602 2392 *seu
1620 2345 1690 2404 quae

124 2432 201 2479 nota
220 2413 378 2479 verldtur:
397 2411 618 2478 conscientiam
642 2427 717 2472 vero
731 2401 886 2471 errories·
921 2405 1037 2470 claram
1070 2402 1185 2470 habena
1206 2403 1241 2471 dt
1269 2407 1447 2472 evidentem
1482 2411 1691 2488 cognitionem

119 2493 150 2557 le
165 2496 335 2559 obnoxiam
352 2515 363 2570 ,·
381 2496 453 2570 quia
475 2491 540 2554 fieri
559 2487 656 2566 potest
673 2503 708 2550 ut
730 2487 811 2550 male
832 2505 885 2560 ap·
925 2485 1166 2562 principiorum,
1186 2483 1221 2551 dt
1242 2488 1314 2564 legis
1337 2536 1345 2564 ,
1365 2487 1445 2552 redie
1463 2489 1620 2552 concludit
1641 2485 1692 2551 seir

118 2573 215 2652 plicet
231 2573 476 2650 bonaprincipia
535 2567 588 2631 vel
608 2585 670 2629 non
695 2565 768 2630 satit
789 2564 826 2627 ad
846 2563 887 2627 le·
924 2559 1019 2628 didiae
1035 2564 1155 2628 licitum
1172 2563 1234 2628 elie
1256 2566 1304 2630 vel
1326 2566 1471 2631 illicitum
1490 2568 1571 2644 quod
1584 2585 1691 2632 revera

118 2671 187 2730 gem
220 2654 434 2730 attendat,ut
460 2618 603 2712 babemus
632 2663 672 2708 ex
701 2646 739 2708 D.
766 2643 886 2708 Tboma
926 2645 1046 2734 licitum
1059 2642 1109 2706 est
1128 2661 1185 2708 ¹aut
1201 2645 1363 2710 illicitum.
1388 2647 1527 2711 Errouea
1559 2667 1636 2712 reto
1657 2649 1692 2730 il·

115 2731 377 2804 Quodliourrr·
399 2747 500 2801 muta·
527 2743 585 2786 arr.
623 2722 742 2784 .Unde
763 2721 810 2786 bic
830 2741 885 2784 no-
925 2722 955 2784 la
974 2721 1113 2798 dicitur,
1133 2743 1201 2798 quae
1226 2723 1344 2788 nonnisi
1376 2723 1691 2791 onlcoreorconfnle
1725 2755 1744 2766 -

115 2811 253 2873 tandum
277 2811 410 2874 occurrit
434 2801 570 2884 ,synder
600 2823 644 2862 tm
660 2819 829 2876 nontuuam
848 2819 887 2864 ex
922 2801 1076 2876 principia
1091 2801 1298 2878 cogbolcene,
1326 2819 1410 2868 errat
1432 2809 1461 2867 in
1478 2803 1530 2868 suo
1550 2807 1691 2885 iudicio,

114 2893 205 2952 omni
225 2905 312 2963 parte
341 2885 454 2948 deleri.-
482 2890 515 2944 in
536 2884 646 2958 quovit
662 2882 746 2942 enim
766 2879 887 2942 bornine
925 2875 1045 2940 diditur
1058 2877 1178 2942 licitum
1198 2877 1259 2942 ene
1283 2879 1317 2944 or
1334 2883 1452 2944 -bonum
1482 2885 1598 2959 quoda
1621 2885 1689 2963 lege

114 2973 220 3032 ctiam
241 2963 440 3042 perditiffimo
455 2961 708 3032 utane'tlumen,
737 2955 887 3022 seonotl·
926 2959 1062 3022 vetitum
1078 2957 1149 3034 eit,
1180 2976 1234 3022 aut
1261 2959 1406 3023 illicitum
1426 2960 1591 3026 &malum
1610 2964 1693 3038 quod
1792 2965 1798 2974 '

79 3105 81 3110 .
119 3051 165 3111 tia
185 3047 354 3120 primorum
365 3045 580 3119 principiorum
594 3037 817 3111 ;·Conlcieotia
834 3055 887 3100 ve·
926 3038 977 3101 lex
992 3039 1092 3100 omma
1109 3040 1315 3116 velpraecipit
1337 3040 1385 3103 vel
1409 3044 1583 3118 pennittit.
1613 3041 1692 3107 llaec

117 3144 154 3190 ro
175 3143 234 3202 per
258 3127 466 3186 inveteratam
484 3117 889 3197 pectandiconluetudinem
925 3133 1030 3181 autem
1049 3117 1101 3189 vel
1119 3117 1308 3182 marronea
1325 3119 1547 3185 invincibiliter
1565 3169 1575 3200 ,
1601 3117 1692 3186 sicuti

118 3198 465 3279 obruiomninopotcll,
488 3198 697 3274 &extinguit
714 3217 787 3260 nam
806 3216 882 3273 quot
922 3193 1039 3260 didiun
1057 3193 1101 3258 eli
1122 3198 1159 3262 de
1179 3202 1383 3277 ignorantia,
1405 3219 1513 3277 nempe
1533 3221 1573 3264 ex
1590 3219 1692 3265 errore

119 3283 249 3347 tradidit
270 3283 355 3345 Deru
378 3285 409 3344 in
425 3274 752 3375 'reprobumienlnm
778 3295 816 3340 eo
842 3273 888 3340 ul·
925 3279 981 3372 qni
1003 3279 1086 3368 vinci
1103 3277 1137 3344 dt
1153 3278 1229 3343 tolli
1251 3297 1313 3342 non
1332 3282 1468 3374 potuit;
1491 3282 1691 3375 vcl'viocibi·

120 3358 794 3520 ll‘eilbui2‘luibbibzl‘liulf
811 3354 890 3512 ab:
926 3355 1692 3514 liiifideti⁶,“lituiis¹liilitl¹‘if

71 3521 76 3538 '
125 3519 195 3584 dam
228 3523 334 3586 Patres
362 3539 423 3582 non
453 3514 670 3598 distinguentes
704 3511 721 3576 s
743 3513 900 3595 nderefim·
927 3520 1015 3581 tione
1037 3519 1178 3594 principii
1199 3519 1248 3580 vel
1271 3515 1401 3582 alieuius
1429 3521 1461 3581 in
1494 3537 1611 3586 certam
1640 3519 1692 3586 seo

44 3617 47 3626 ·
121 3597 510 3675 interorcmlciennam,
530 3535 889 3671 unumprorbnousur-
926 3611 1030 3660 tutam
1044 3619 1056 3671 ,·
1072 3594 1105 3660 dt
1126 3601 1276 3660 incertam
1291 3597 1344 3660 seu
1361 3616 1423 3661 non
1443 3613 1565 3663 tutam.
1595 3600 1691 3664 Certa

121 3695 258 3754 parunt:
275 3682 370 3742 imum
387 3678 482 3753 aliqui
501 3671 776 3754 iplamnaturalem
792 3674 889 3752 legem
927 3675 977 3740 seu
997 3692 1083 3750 tuta,
1104 3693 1140 3739 ut
1156 3676 1194 3739 ab
1204 3676 1356 3753 aliquibus
1371 3696 1520 3751 vocatur,
1544 3678 1614 3744 ralis
1635 3677 1695 3759 eli,

86 3761 90 3766 ’
124 3757 338 3836 Conscierniatn
361 3758 572 3836 appellarunt.
604 3755 653 3817 Sit
680 3754 887 3842 illani'vocat
927 3755 1150 3833 qtrandomeus
1179 3755 1405 3834 prudenter-dt
1422 3756 1499 3821 linc
1527 3755 1692 3823 formidine

125 3833 263 3904 Ioannes
281 3837 509 3903 Damascenut:
531 3839 603 3900 Lex
619 3846 725 3897 attulit
742 3832 888 3916 (inquit)
927 3835 1033 3898 laltem
1047 3835 1222 3902 rationabili
1240 3837 1351 3900 iudicat
1369 3836 1425 3900 hoc
1446 3836 1568 3901 licitum
1586 3837 1691 3904 else&

83 3937 88 3946 ·
123 3913 196 3981 ldell
213 3915 424 3981 conscientia.
444 3916 473 3978 ἃ
491 3911 838 3993 loannChryloilounu
855 3915 889 3974 in
925 3913 1133 3989 bonum,.vtl
1155 3916 1298 3980 illicitum
1317 3913 1351 3979 dt
1371 3916 1503 3979 malum.
1533 3917 1611 3983 Com
1630 3917 1689 3982 tali

124 3993 197 4060 Plal.
218 3996 346 4060 cxlvrt.
370 4000 434 4072 air,
451 3993 529 4072 quod
550 3997 691 4059 unirerla
708 4009 816 4056 natura
835 3991 889 4054 hu·
926 3990 1114 4074 conscientia
1134 3991 1237 4058 accell'r
1257 3993 1368 4060 'iacob
1388 3992 1540 4075 adLiam,
1561 3997 1690 4076 pruden-

122 4091 218 4140 tuana
238 4073 439 4140 sufficientem
453 4073 562 4162 babuit
581 4073 886 4153 legemoonlcientiat.
931 4093 985 4137 ter.
1000 4073 1132 4136 iudicans
1148 4075 1209 4137 elle
1228 4013 1314 4138 (uam
1333 4093 1488 4153 uxoremf
1510 4079 1589 4142 unde
1601 4077 1689 4141 redii*

123 4151 179 4218 Sed
197 4172 272 4219 nea
292 4156 417 4222 modol
499 4152 549 4218 ndi
569 4153 745 4220 Sanuomn
759 4155 889 4216 Paetum
929 4149 1259 4220 tudoconscientiaeac
1279 4153 1398 4219 bonitas
1446 4155 1521 4224 ndet
1538 4160 1691 4231 precipuo

125 4233 413 4312 recedamumnil
475 4232 532 4299 sta't
551 4233 650 4300 dicere
670 4279 681 4311 ,
703 4233 777 4311 legis
798 4249 887 4295 natu·
929 4230 1182 4302 atonformitate
1201 4231 1335 4312 resptdiu
1366 4255 1380 4298 r
1425 4253 1452 4298 ι·
1474 4237 1602 4298 rationis
1623 4253 1689 4312 pra·

122 4311 195 4376 talis
218 4332 337 4390 partem
358 4313 553 4391 principalem
572 4315 634 4376 elle
649 4334 740 4390 quam
761 4313 800 4374 D.
823 4314 887 4376 An·
928 4311 1026 4390 diicat,
1047 4310 1316 4390 nonverolemper
1334 4317 1461 4377 tationis
1474 4311 1685 4391 sucularum

125 4392 238 4469 gelitut
260 4389 439 4476 synderesrm
454 4410 570 4470 vocat;
588 4391 819 4476 Conlcitntiam
831 4395 890 4454 ite·
928 4413 999 4467 tum
1019 4393 1087 4456 lieri
1107 4389 1216 4470 pollit,
1237 4393 1467 4470 utaliquando,
1481 4391 1531 4456 vel
1547 4393 1586 4456 ob
1603 4397 1689 4474 igno·

126 4489 163 4534 to
184 4471 286 4537 adium
307 4474 378 4554 legis
399 4471 567 4549 naturalis,
584 4493 643 4549 quo
658 4472 746 4535 nobit
765 4475 797 4535 in
819 4489 888 4549 par·
923 4476 1087 4550 rentiam,
1109 4472 1160 4535 vel
1177 4473 1440 4536 inadvertentiam
1456 4473 1688 4551 invincibilem,

127 4550 309 4636 titularibus
327 4553 561 4618 circumstantiis
582 4556 762 4628 proponitur
776 4551 847 4628 quid
860 4571 889 4614 a·
923 4555 971 4616 vel
994 4555 1066 4628 qtria
1081 4567 1220 4638 mutetur
1240 4549 1391 4614 obieilun
1411 4550 1688 4617 incircumllantiir

129 4631 264 4706 rendum
282 4679 292 4712 ,
312 4633 363 4697 vel
384 4634 589 4697 omittendum
608 4630 663 4695 srt.
683 4631 891 4708 Quamobrem
921 4632 1177 4709 particularibus,
1197 4629 1357 4695 iocundum
1378 4648 1453 4706 quat
1470 4633 1687 4710 agendum'ell,

129 4707 327 4777 Conscientia
337 4711 379 4776 oli
401 4715 450 4776 lea
468 4711 691 4778 naturalisnon
722 4711 891 4785 inhabito,
922 4715 1005 4776 ratio
1017 4711 1147 4790 praiiica
1156 4709 1235 4774 reita
1244 4706 1423 4788 eslepullit,
1443 4710 1561 4776 etiarnsi
1572 4712 1688 4775 rationi

127 4781 175 4852 fed
207 4794 247 4934 i}
257 4795 425 4936 eaerlcitio.
455 4787 653 4858 Conscientia
681 4787 792 4869 speum
823 4807 889 4902 tum
924 4792 997 4862 idest
1021 4791 1133 4860 iudicio
1153 4787 1345 4867 specttlativo
1359 4809 1427 4931 ἓοη
1443 4785 1473 4856 se
1491 4787 1685 4868 conformetr

195 4883 205 4910 ὲ
247 4893 301 4936 om.
340 4915 348 4934 .
407 4879 409 4884 '
490 4895 495 4903 ·
1431 4884 1446 4948 3
1614 4885 1649 4936 ut
