4030 5456
208 3345 213 3356 ’
318 3333 352 3396 di
370 3351 475 3398 omnes
496 3353 514 3396 a

378 177 438 274 qd
540 177 709 256 Tenen.
733 143 793 260 os
823 143 1016 264 Aculeus
1046 189 1267 270 Humanis
1291 186 1395 274 Uir.
1425 199 1511 284 un.
1537 191 1704 294 devils.

326 341 331 354 ,
368 279 587 374 6Οοςιῖπηιειειιρ
616 281 769 349 sententia
790 307 829 351 err
849 305 962 355 natura
989 288 1049 368 ipsa
1070 312 1107 356 ιε
1132 294 1201 375 strae
1218 307 1331 373 partem
1353 300 1492 383 reliquii,
1511 325 1576 396 με
1594 331 1705 378 occure
1721 307 1843 394 deiru,
1858 315 1900 384 Θ·

333 359 491 424 dironrsin
511 360 840 446 individuospeliarae‚
860 390 927 446 quae
946 372 1044 450 exigit
1064 389 1099 436 ut
1136 379 1214 455 quast
1232 378 1326 442 locum
1340 381 1540 450 detentam
1559 385 1687 457 re-ueiit
1719 393 1902 464 mnilite·

331 436 388 500 liat
405 439 449 506 ¹ob
478 441 608 517 aliquem
628 442 748 510 finem.
776 447 860 512 Nam
881 471 949 526 quae
979 471 1041 514 non
1062 453 1106 516 fit
1136 458 1223 532 rius,
1241 479 1312 522 tum
1336 463 1403 526 iure
1421 471 1558 532 naturali
1579 470 1662 536 Deus
1698 489 1727 536 rt
1745 493 1808 540 non
1828 496 1900 542 tau·

330 538 457 596 propter
477 519 595 599 linem,
620 522 663 586 ell
683 526 907 605 adilospedlara
934 533 966 593 ln
983 528 1096 608 specie.
1136 553 1202 600 rum
1232 540 1434 624 principium,
1467 541 1516 609 sod
1546 552 1647 616 etiam
1668 553 1802 618 ‘ultimus
1827 550 1899 622 finis

331 599 421 664 Auro
441 621 519 665 vero
533 623 602 677 quae
619 601 655 668 fit
680 625 798 686 propter
822 608 932 687 sintin,
960 631 1029 675 cum
1049 612 1097 676 hic
1133 634 1285 684 creatruae
1305 623 1485 690 rationalis:
1505 647 1546 692 cx
1566 629 1624 696 hoc
1644 629 1803 701 manifeste
1824 653 1899 701 con·

330 679 505 746 indifferens
521 683 581 746 elle
597 703 749 762 nequeat,
770 687 842 750 idest
859 709 914 752 nec
933 690 1030 755 bootis
1041 711 1096 776 nec
1135 693 1163 758 se
1184 699 1289 774 uitur,
1309 701 1390 776 quod
1406 702 1482 770 sicut
1502 705 1568 772 iure
1589 713 1725 778 naturali
1739 717 1844 780 omnia
1859 717 1899 782 ab

328 761 451 854 malus;
467 759 528 856 ipsa
545 783 663 860 quoque
682 764 856 858 indifferens
887 769 947 864 else
973 775 1094 866 nequit.
1133 719 1195 867 ipso
1223 795 1379 857 tamquam
1400 781 1425 846 a'
1444 788 1591 864 principio
1619 791 1817 870 procedunt:
1849 799 1898 864 ita

326 840 406 905 Dari
426 859 534 918 nequit
556 841 625 906 sirus
645 843 841 911 indifferens.
864 849 948 927 Quia
972 849 1045 914 finis
1062 873 1095 916 o·
1132 875 1197 920 rute
1217 861 1350 924 naturali
1374 868 1477 928 omnia
1498 866 1535 928 ad
1564 867 1661 946 ipsum
1681 889 1840 952 tamquam
1858 877 1898 944 ad

327 923 408 984 mnis
427 922 471 986 cll
485 939 609 988 creator
628 925 678 991 vel
693 943 853 992 creatura:
876 931 910 995 dc
930 931 1007 995 uilio
1027 953 1093 1008 quae
1128 935 1224 1002 finem
1244 939 1387 1006 ultImum
1402 941 1473 1010 sunt
1488 943 1664 1018 reserenda.

325 1001 364 1066 iit
385 1019 509 1080 propter
529 1020 719 1079 creatorem,
736 1010 821 1071 utin
843 1011 901 1076 hoc
923 1030 1015 1091 agens
1023 1033 1095 1078 con·
1259 1059 1265 1074 .

326 1079 465 1160 quiescat
504 1081 542 1147 fit
565 1101 689 1162 propter
709 1086 821 1152 bonum
841 1088 950 1168 finem,
971 1093 1094 1156 acideo
1267 1099 1293 1160 C
1332 1101 1362 1164 A
1403 1103 1425 1165 Ρ
1465 1103 1496 1166 U
1536 1106 1574 1169 Τ
1606 1125 1608 1132 ·
1646 1111 1754 1178 VIII.

323 1161 428 1243 booa3
450 1132 526 1230 asilo
548 1182 654 1229 autern
674 1187 741 1242 quae
762 1169 798 1232 lit
824 1189 946 1247 propter
970 1191 1092 1237 cream-
1346 1223 1350 1230 .
1718 1235 1720 1240 ,

324 1259 412 1322 rani,
432 1260 470 1308 ut
490 1261 582 1324 agens
603 1247 635 1307 in
656 1243 713 1311 hac
732 1249 947 1329 conquiescat,
962 1250 1001 1316 fit
1021 1273 1093 1330 pro·
1269 1264 1313 1325 De
1331 1261 1440 1343 regulis
1458 1265 1579 1330 moralis
1598 1266 1753 1340 bonilatis.

322 1341 394 1402 pter
421 1324 538 1390 malum
563 1323 677 1402 linem,
696 1327 814 1413 idcirco
836 1330 936 1396 mala.
957 1333 1007 1397 Sic
1026 1353 1092 1398 ma·
1245 1385 1249 1392 .
1592 1384 1598 1396 -
1632 1393 1635 1398 .
1669 1395 1674 1404 .
1816 1399 1824 1416 ,

312 1405 391 1468 dum
413 1402 458 1470 ell
481 1404 640 1470 comedere
658 1409 753 1472 etiam
783 1407 845 1474 sine
871 1413 1014 1491 eucellu,
1035 1433 1091 1478 aut
1199 1416 1331 1496 Xpolitis
1358 1423 1564 1493 humanorum
1593 1433 1715 1501 adluum
1736 1443 1896 1520 principiis

323 1505 401 1562 opus
429 1487 563 1565 coniugii
587 1505 732 1553 exercere
757 1487 796 1553 ob
824 1488 919 1555 solam
946 1491 1091 1571 volupta·
1219 1500 1257 1562 ad
1275 1517 1381 1566 eorum
1400 1509 1562 1574 ell'eotlam
1578 1518 1819 1600 pertinentibus,
1834 1543 1895 1589 nec
2007 1557 2008 1564 ¹

323 1584 418 1644 tem;
448 1584 485 1631 ut
514 1566 623 1644 probat
657 1563 786 1633 censura
815 1591 876 1648 qua
906 1571 1011 1637 inussit
1044 1572 1087 1637 se·
1127 1597 1189 1641 non
1209 1575 1254 1642 his
1272 1601 1340 1656 quae
1360 1584 1396 1648 ad
1414 1586 1507 1652 instar
1533 1600 1731 1666 quorumdam
1756 1603 1896 1668 acciden·
2007 1643 2008 1650 κ

321 1665 451 1722 quentes
478 1649 690 1724 proportiones
714 1647 912 1716 Innocentius
940 1651 994 1716 Xl.
1015 1673 1090 1738 qua·
1126 1659 1204 1722 tium
1221 1657 1321 1724 iisdem
1341 1662 1532 1748 adicnirrnt3
1555 1689 1636 1737 nunc
1651 1691 1720 1752 quie
1737 1677 1895 1759 smtproe.

320 1748 390 1792 rum
411 1731 506 1804 prima
526 1724 632 1791 ordine
648 1727 677 1790 8.
694 1726 756 1792 eil:
779 1731 932 1796 Comedere
956 1730 997 1799 Φ
1016 1731 1090 1798 ine-
1124 1739 1221 1814 cipuae
1238 1741 1351 1819 regular
1366 1744 1469 1820 quibus
1485 1748 1732 1820 eosconimrnari
1747 1777 1897 1843 oportet,
2007 1781 2008 1786 ¹

300 1863 302 1869 ,
338 1809 414 1873 ead
429 1806 596 1886 sermm
623 1805 655 1870 ob
676 1807 769 1886 solam
792 1811 973 1891 uoluptatem
994 1835 1088 1892 ,moa
1124 1815 1299 1898 diligentius
1316 1819 1686 1904 inspiciendumsuperest.
1704 1836 1898 1905 Valdeenim
2007 1829 2008 1854 ¹

311 1831 361 1968 lsi
379 1901 564 1967 peccatum
595 1889 677 1952 modo
705 1912 762 1954 non
791 1887 858 1972 obstr
888 1895 1087 1979 ualetudini.-
1125 1895 1250 1962 interest
1267 1919 1303 1965 ut
1332 1902 1388 1966 boc
1407 1923 1597 1982 compertum
1618 1910 1790 1993 habeatem·
1817 1920 1897 1986 alias

321 1969 393 2052 quia
407 1968 491 2034 licere
506 1971 593 2050 potest
612 1969 755 2048 apperitus
775 1974 924 2038 naturalis
936 1971 1000 2055 suis
1015 1979 1087 2067 arsit·
1124 1979 1210 2044 nullo
1228 1980 1319 2046 modo
1339 1979 1431 2048 statui
1453 1983 1549 2060 pollet
1568 1989 1649 2051 unde
1668 1993 1817 2060 aliiouum
1838 2019 1899 2066 no·

321 2051 375 2114 bus
388 2048 458 2130 frui
471 2071 479 2112 :
501 2049 599 2115 altera
615 2071 695 2116 vero
704 2052 811 2116 ordine
830 2072 858 2131 9.
884 2058 961 2132 Opus
988 2074 1087 2122 conru—
1124 2057 1257 2124 stratum
1284 2059 1404 2126 bonitas
1426 2063 1603 2130 derivetur.
1631 2071 1757 2151 Regula
1786 2095 1900 2144 autern

320 2130 367 2208 gii
386 2130 419 2193 ob
432 2127 525 2210 solam
544 2129 723 2209 voluptatem
745 2133 1088 2216 exercitum,omni·pe·
1123 2137 1175 2202 scu
1195 2142 1342 2204 mensurat
1359 2142 1559 2208 humanarum
1580 2145 1736 2214 asilonum
1753 2171 1816 2218 tres
1832 2155 1897 2224 sla·

321 2212 407 2276 nitus
427 2221 504 2275 carri
524 2211 606 2289 culpa
624 2231 658 2275 ac
672 2210 789 2292 desciiu
805 2215 935 2278 musii.
955 2216 995 2280 Et
1014 2215 1088 2281 sane
1125 2221 1170 2281 tui
1189 2215 1309 2283 solent.
1326 2223 1426 2286 Prima
1445 2221 1488 2286 eli
1508 2224 1593 2289 uolris
1613 2234 1753 2304 proxima
1775 2253 1811 2298 ac
1837 2257 1898 2304 ve·

321 2311 389 2356 non
416 2289 550 2356 contulit
575 2289 664 2356 uobis
691 2293 773 2356 Deus
793 2291 1023 2360 deledlatIonem
1051 2313 1087 2362 ut
1124 2297 1399 2378 lucihomogenea,·
1420 2321 1528 2379 nempe
1549 2303 1682 2376 humana
1703 2315 1800 2378 ratio:
1820 2317 1895 2384 aliae

319 2371 459 2450 regulam
474 2369 643 2436 nostrarum
663 2375 895 2452 operationum,
910 2372 960 2437 sed
979 2375 1088 2440 restam
1124 2377 1192 2442 duae
1211 2381 1409 2456 remotiores;
1438 2381 1581 2447 nimirum
1604 2386 1652 2450 lex
1672 2407 1792 2458 aeterna
1821 2417 1893 2474 quae

320 2454 480 2518 rationem
498 2500 509 2526 ,
526 2472 584 2528 qua
604 2443 724 2530 longius
744 2473 762 2515 a
782 2452 881 2518 brutis
905 2453 1017 2520 distant
1033 2455 1089 2520 ho·
1124 2455 1165 2520 cll
1188 2459 1352 2536 primeva,
1366 2457 1400 2524 ἀ
1419 2461 1527 2528 diviua
1543 2463 1708 2535 voluntas.
1730 2473 1833 2550 Quare
1851 2477 1897 2543 de

319 2535 437 2610 nunes,
456 2548 617 2606 operantes
642 2551 704 2595 non
724 2551 847 2598 nnturae
864 2537 978 2611 impetu
998 2580 1006 2610 ,
1038 2533 1087 2600 sed
1125 2537 1169 2602 his
1189 2534 1343 2617 sigillatim
1362 2559 1499 2619 agemus.
1876 2569 1900 2590 ⁶

319 2609 576 2678 rationis'dullu.
597 2613 679 2676 Hinc
696 2611 855 2678 admonuit
874 2613 977 2692 Apoll.
1002 2615 1026 2678 1.
1052 2614 1088 2680 ad

319 2691 465 2757 Corinth.
483 2713 549 2770 cap.
572 2714 602 2756 x.
625 2691 699 2758 Sive
715 2712 779 2852 eyn
798 2695 1002 2770 manducatis,
1020 2698 1089 2775 five
1460 2711 1487 2771 §-
1529 2705 1555 2770 l.
1644 2723 1649 2732 ·

320 2771 624 2932 ezgffisbfflagssufi
632 2769 713 2918 122⁸?
731 2771 832 2916 ἓξὲξ
839 2775 1090 2931 5ἕέῶίὼέἐῖ
1144 2815 1266 2908 Bonitas
1287 2817 1483 2886 humanarum
1501 2823 1647 2890 unionum
1674 2841 1824 2912 tamquam
1852 2857 1876 2900 a

207 2941 210 2950 '
316 2932 432 3012 pienda
457 2931 527 2996 lunt
560 2949 597 2997 ut
621 2915 738 2996 nstrum
764 2929 950 3012 consilium,
977 2931 1027 2998 sed
1052 2953 1087 3001 ut
1200 2901 1534 2988 snmasuar‘g'l‘
1560 2911 1715 2986 “selim
1737 2915 1776 2993 Ψ
1792 2936 1815 2978 ‘¹

316 3029 508 3096 preceptum
525 3011 623 3076 llriile
640 3010 811 3090 sumptum3
829 3032 883 3078 nec
904 3010 994 3080 solius
1013 3018 1089 3080 luris
1401 2983 1463 3064 legs
1479 2995 1613 3051 ‘lma‘
1893 3071 1899 3082 .

318 3095 420 3158 divini
443 3091 566 3171 positivi
594 3088 643 3154 sed
668 3095 765 3175 etiarn
783 3093 956 3157 naturalis.-
981 3114 1088 3159 contra
1142 3093 1233 3187 ,Lex
1258 3113 1396 3176 aeterna,
1426 3124 1492 3180 quae
1519 3101 1560 3168 eil
1578 3103 1692 3170 summa
1713 3108 1813 3174 veluti
1841 3131 1903 3176 ra-

317 3173 685 3248 senrentiameorumqui
703 3189 815 3250 negant
836 3174 891 3236 hoc
912 3173 1089 3238 luculentis·
1124 3187 1172 3237 tro
1187 3195 1254 3250 qute
1278 3181 1310 3240 in
1327 3177 1394 3243 Deo
1423 3197 1576 3260 tanrqnam
1599 3189 1733 3250 omnium
1755 3191 1900 3266 PtIncipe

316 3273 405 3317 mum
421 3254 620 3395 princigiums
643 3250 1091 3401 vligelsscgsdegitgmegdssnzrg-
1124 3257 1417 3414 sigsssgsssmnffl
1433 3261 1649 3426 disp-equitnm),
1668 3265 1774 3410 esest'
1789 3276 1904 3416 &nquit

543 3351 629 3395 iones
697 3353 727 3394 m
905 3355 923 3396 n
1018 3355 1153 3401 o··
1293 3359 1882 3414 inuruarumeuommn

186 3477 189 3492 ,
271 3460 280 3482 ,,
316 3412 426 3478 ilum.
454 3413 538 3477 Nam
565 3409 662 3490 quoad
682 3415 835 3488 prunum,
857 3399 986 3478 verbum
1014 3416 1088 3482 illud
1124 3413 1346 3562 ordinmigfima.
1370 3363 1422 3485 'Es
1446 3423 1511 3488 liet
1534 3423 1577 3488 esl
1599 3425 1703 3505 firma,
1732 3355 1898 3508 conllasrs,

318 3491 479 3573 Apostoli,
494 3490 607 3575 facite,
623 3491 712 3557 sonat
729 3511 914 3570 praceptum
926 3543 935 3574 ‚
952 3517 1016 3561 nou
1036 3517 1089 3563 ve-
1125 3496 1244 3562 invaria
1267 3499 1333 3563 ilis:
1363 3521 1431 3576 quae
1458 3502 1528 3568 sunt
1548 3503 1738 3571 conditiones
1759 3512 1900 3576 necesse·

318 3595 360 3641 ro
380 3595 499 3639 merum
513 3572 695 3637 consilium:
712 3571 746 3636 ἃ
767 3572 804 3636 ad
819 3593 1089 3653 praeceptunnvet·
1125 3579 1200 3653 riae,
1216 3595 1252 3642 ut
1273 3579 1384 3656 aliquid
1399 3579 1437 3644 sit
1457 3585 1587 3660 primum
1608 3589 1640 3647 in
1668 3586 1773 3662 aliquo
1801 3609 1899 3668 gene·

317 3651 360 3723 ba
381 3653 486 3720 eadem
503 3653 611 3718 retulit
629 3653 668 3715 D.
685 3651 844 3730 Thomas,
863 3658 914 3730 qui
935 3675 1089 3735 exponens
1124 3673 1172 3720 re.
1195 3655 1244 3724 nb
1258 3678 1295 3722 ea
1310 3675 1417 3722 autern
1433 3661 1498 3741 lege
1517 3683 1622 3726 ornnes
1639 3661 1899 3736 aulonesmlircs

317 3737 483 3802 laudatum
509 3751 632 3798 textum
653 3733 684 3795 in
704 3731 793 3816 Epist.
810 3735 852 3800 ad
869 3733 998 3816 Colqffen.
1022 3739 1087 3803 haet
1111 3739 1149 3799 ¹it
1179 3757 1181 3765 ⁸
1228 3739 1343 3814 rident,
1362 3755 1399 3802 ut
1419 3747 1517 3806 omnis
1533 3745 1592 3806 alia
1614 3746 1718 3822 regula
1740 3761 1905 3814 antonna·

318 3816 441 3882 nabet.
464 3814 605 3895 Quidam
624 3813 726 3878 dicunt
769 3815 846 3892 quod
862 3818 900 3895 est
919 3836 969 3881 con
991 3817 1087 3882 liam.-
1124 3810 1157 3880 su
1213 3815 1295 3881 abeo
1316 3817 1430 3884 velura
1450 3821 1504 3886 suo
1519 3817 1607 3886 sonte
1624 3823 1774 3898 profluat.
1793 3827 1898 3895 Immo

315 3898 374 3981 sed
390 3896 439 3960 boc
456 3917 511 3960 non
528 3895 565 3976 est
585 3913 706 3958 verum.
726 3861 840 3968 Quoad
855 3892 945 3960 secun
967 3917 1018 3962 um
1034 3919 1088 3982 ve·
1124 3896 1156 3960 dt
1178 3893 1239 3974 ipsa
1268 3896 1347 3962 tella
1369 3903 1463 3990 ratio·
1480 3901 1518 3968 ab
1537 3921 1575 3967 ea
1594 3906 1773 3993 defleatur,
1789 3905 1835 3974 dt
1862 3917 1903 3976 ei

318 3997 376 4055 ro,
391 3972 672 4052 nempequodlint
690 3991 877 4050 pracceptum
895 3975 1086 4042 uriae-runs
1124 3973 1350 4041 subordinatur.
1367 3981 1462 4046 Muto
1482 3982 1603 4063 dicuni,
1618 4003 1684 4064 quis
1703 3987 1824 4066 edendo
1844 4011 1902 4054 rc·

313 4078 410 4138 ¹ptum
431 4055 559 4122 &iuris
584 4053 752 4129 naturalis,
782 4072 930 4131 patet'ex
951 4061 1086 4134 eoquod
1122 4053 1271 4146 bissono?
1292 4059 1446 4138 Sigmlum
1465 4061 1602 4144 estsuper
1620 4087 1672 4128 nos
1692 4066 1902 4134 iumen-vut-

318 4139 456 4202 debitum
476 4133 650 4212 impolitum
671 4131 709 4198 srt
733 4132 872 4198 omnibus
894 4137 1010 4215 prorsus
1031 4139 1085 4204 ho
1123 4149 1245 4216 turtur,
1262 4143 1406 4205 Domure:
1430 4145 1652 4219 nempelumen
1668 4149 1800 4212 rationis
1809 4167 1902 4212 men·

306 4217 472 4294 minibus,
495 4217 598 4279 omnia
621 4215 658 4278 ad
678 4213 807 4292 gloriam
830 4215 888 4280 Dei
908 4213 1085 4298 referendi,
1123 4216 1202 4301 tibuq
1232 4217 1340 4284 nostris
1370 4221 1521 4288 divinitus
1549 4225 1757 4303 insculptum
1784 4247 1903 4304 quate·-

317 4321 373 4378 per
393 4299 521 4376 primum
541 4295 660 4360 Decolo
680 4305 689 4355 i
709 4293 906 4376 mandatum,
925 4299 1031 4376 quod(
1049 4299 1086 4362 sn·
1121 4317 1178 4360 nus
1198 4298 1241 4361 til
1270 4299 1378 4366 vultus
1404 4301 1564 4366 luminisve
1583 4301 1681 4369 divini
1702 4354 1711 4383 ,
1739 4309 1902 4386 leo-legis

318 4397 374 4444 cut
399 4377 434 4443 dt
453 4396 557 4442 cetera
577 4315 731 4464 Decasogil
746 4393 897 4455 precepta
912 4377 986 4455 J‘est
1012 4383 1085 4444 iuris
1120 4396 1239 4443 eternae
1261 4383 1476 4462 participatio,
1498 4381 1611 4448 dislans
1638 4384 1903 4462 nomenmodo

318 4458 473 4526 naturalis
482 4477 497 4519 .’
513 4455 625 4538 Diliges
645 4461 804 4520 Domrmm
820 4459 914 4521 &um
934 4470 1022 4524 inum
1045 4481 1084 4525 ex
1121 4459 1270 4525 declinare
1291 4481 1309 4526 a
1329 4461 1433 4540 malo,
1453 4462 1624 4542 bonumque
1644 4473 1762 4539 operari
1780 4469 1905 4556 ualea-

320 4551 380 4605 πονο
400 4537 573 4610 cordetuo.
595 4537 675 4614 Qrae
697 4534 791 4600 verba
807 4551 962 4614 exponens
982 4541 1085 4605 S.Au·
1120 4557 1202 4604 mus:
1226 4539 1316 4614 Unde
1333 4559 1493 4620 peccatum
1502 4541 1623 4607 definiri
1636 4541 1731 4609 solet:
1749 4551 1874 4610 Delium
1885 4571 1898 4625 ,-

319 4617 456 4696 gislinus
479 4613 529 4680 lib.
556 4621 582 4679 1.
604 4617 641 4684 de
664 4617 755 4681 dour.
777 4615 878 4700 Christ.
908 4637 967 4698 cap.
989 4639 1082 4686 xxrr.
1119 4619 1309 4704 uelsrslum,
1324 4624 1379 4687 vel
1391 4624 1574 4702 concupitum
1583 4637 1684 4689 conire
1699 4627 1790 4716 legem
1802 4640 1902 4692 ceter-

320 4699 388 4764 lraec
409 4695 520 4760 habet:
538 4699 611 4762 cum
631 4696 766 4762 enimait
782 4745 802 4776 „
819 4714 890 4762 toto
907 4699 1017 4780 corde,
1037 4719 1085 4766 to·
1122 4721 1206 4764 nam.
1225 4702 1321 4783 Igitur
1344 4703 1392 4766 lex
1414 4719 1530 4768 aeterna
1553 4701 1701 4781 inspirata
1717 4709 1779 4769 lure
1795 4715 1902 4788 magi-

252 4849 257 4858 ,
313 4811 341 4858 =,‚
360 4797 396 4852 ra
414 4779 533 4854 anima,
550 4793 618 4854 tota
638 4792 744 4842 mente
763 4778 783 4808 “
805 4778 917 4844 nullam
937 4779 1017 4846 ‘u'tae
1034 4805 1086 4850 no·
1122 4781 1184 4848 llro
1193 4782 1351 4852 animabus
1366 4782 1493 4864 nollris,
1510 4781 1553 4851 cll
1569 4785 1776 4930 primaregulla¹
1794 4793 1900 4856 totius

737 4891 743 4912 κ
1777 4886 1855 4931 one-
