4058 5460
308 287 310 294 -
446 237 795 311 Tuacrartrs
834 257 900 308 oa
938 233 1441 310 tenerrimarum
1555 240 1677 334 “qaue

162 335 259 417 serbo,
274 351 311 404 ut
332 331 437 400 studiis
454 353 564 400 vacare
584 331 672 413 posse
690 357 706 410 c
726 350 802 396 tunc
819 333 925 408 proba'·
960 331 1074 411 scierit,
1087 332 1196 398 debere
1216 337 1327 410 aperiri
1346 356 1358 408 ‚·
1389 330 1550 411 quietius
1568 335 1724 413 negligen-

160 415 255 484 biliua
284 421 423 480 censetur
449 421 544 480 etiarn
570 437 596 480 a.
616 413 806 494 rigidioribus
831 412 925 480 linem
961 419 1007 478 ria
1028 431 1186 487 peccatum
1200 411 1477 483 uoeabliteradau
1497 431 1550 478 et.
1712 443 1715 451 ·

162 515 229 560 neat
243 498 304 560 esle
325 501 359 560 in
380 493 573 562 Ceisesl'ione
595 495 809 570 explicandum
826 515 835 566 ;
855 497 925 568 quia
999 491 1148 556 Versatur
1166 489 1287 570 insuper
1305 512 1458 560 controre
1487 515 1517 557 ia
1531 497 1615 559 inter
1631 493 1669 558 D.
1688 491 1728 556 l).

158 575 326 642 ubi-unuin
353 593 416 638 non
433 573 477 638 est
507 575 648 650 malum,
676 570 732 637 nisi
760 571 799 634 ob
815 573 927 651 aliud,
960 594 1003 638 an
1021 582 1126 636 modus
1153 570 1350 650 durationis,
1368 571 1426 638 seu
1453 575 1673 638 diuturnitatis
1694 595 1728 634 ar·

160 653 203 718 ibi
221 661 347 735 unicum
359 651 404 717 esl
416 655 550 732 masum;
573 657 616 716 ita
632 654 738 729 utqui
756 649 877 716 furatur
886 668 925 716 ut
958 651 1025 716 etus
1041 650 1082 715 sit
1101 650 1295 726 explicandus
1315 655 1350 712 iu
1369 641 1728 729 confeffionc,&crr‹a

159 735 214 798 alet
242 733 497 814 eleemosynam,
525 733 574 796 vel
589 729 644 796 sua
663 730 769 794 debita
791 728 895 795 solvat
915 779 928 806 ,
965 733 1041 804 boe,
1060 731 1253 808 sitentiugat
1266 736 1729 806 peoeatapropteruurationem

159 834 257 877 unum
268 817 570 879 tantumcornniittit
580 830 738 889 peccatum
748 854 759 871 .
770 809 828 874 ,Sic
839 809 926 874 Hen-
961 811 1137 876 imualiter
1152 809 1352 888 multiplicari
1365 815 1465 888 quoad
1480 833 1659 889 numerum,
1674 831 1729 874 vo·

161 891 815 973 ninutas-lgnatio,deLugo,aliique.
846 889 927 954 lteui
962 891 1031 956 lunt
1058 885 1315 954 salmanticenses
1337 891 1530 955 durationem
1556 896 1728 954 exoririuri·

160 991 227 1038 ison
247 973 291 1036 ell
301 971 474 1049 probabile,
489 991 617 1052 navius·
629 989 774 1046 peecare,
790 969 841 1043 qui
851 966 927 1034 Mis·
961 971 1031 1032 dam
1049 970 1133 1048 elles
1149 968 1232 1032 l'ccus
1250 987 1325 1030 vero
1345 965 1365 1029 si
1388 989 1515 1044 peccata
1531 971 1724 1032 exinde'nue

162 1053 229 1118 sam
247 1059 397 1128 omittit,
426 1071 460 1118 ut
485 1067 576 1115 vacet
602 1047 736 1122 studiis,
764 1066 857 1122 quam
875 1051 925 1122 qui
959 1050 1224 1124 multiplicentur..
1255 1045 1389 1112 Censent
1418 1047 1470 1113 alii
1497 1051 1728 1126 exprimendam

162 1151 235 1194 eain
250 1135 373 1196 omittit
393 1150 432 1192 ert
449 1151 532 1193 nicta
549 1131 735 1206 negligentia
755 1173 767 1206 ,
790 1129 840 1204 qui
864 1127 926 1190 iani
960 1127 1026 1194 esse,
1037 1131 1262 1208 durationem,
1292 1123 1312 1188 si
1338 1127 1484 1192 notabilis
1510 1127 1547 1192 sit
1571 1175 1580 1206 ,
1605 1127 1727 1194 tametfi

161 1208 282 1276 nonnisi
303 1215 394 1272 unius
415 1213 530 1284 patrui
550 1207 593 1272 esl
612 1228 704 1275 reue.
959 1227 1090 1286 perarua
1108 1227 1163 1282 per
1181 1227 1250 1270 eam
1264 1225 1330 1270 non
1346 1211 1594 1284 multiplicentur
1614 1255 1624 1284 ,
1648 1205 1728 1284 qnod
1808 1208 1811 1216 '

195 1289 435 1353 circumstantia
455 1289 610 1366 querendo,
628 1283 701 1348 idest
721 1284 800 1348 modi
818 1331 830 1357 ,
851 1281 926 1358 saepe
965 1307 1069 1351 rarum
1087 1285 1149 1349 eu.
1167 1285 1219 1349 Ne
1239 1290 1285 1350 uit
1306 1300 1409 1349 tanien
1425 1288 1563 1366 definiri,
1580 1309 1652 1364 que
1671 1289 1725 1350 du·

157 1387 320 1446 peecatum
339 1370 422 1430 intra
437 1365 710 1442 eamdemspecienr
725 1367 859 1441 niintut,
875 1363 925 1428 iiel
963 1367 1043 1431 ratio
1058 1366 1203 1430 notabilis
1219 1309 1280 1440 iit,
1298 1380 1333 1427 ut
1354 1371 1387 1430 in
1408 1365 1599 1434 Conscsliuue
1616 1367 1653 1432 lit
1669 1385 1724 1432 erte

164 1469 183 1511 a
204 1463 331 1526 naret.
351 1443 489 1511 Gravius
510 1443 757 1524 prosesiopeecer
769 1490 780 1518 ‚
794 1444 926 1517 quicum
963 1443 1222 1523 precinentes
1241 1445 1501 1511 circumstantiam
1516 1469 1640 1528 quaro
1655 1448 1729 1512 tide

103 1561 106 1569 ·
163 1547 275 1603 pena,
288 1547 382 1601 quam
400 1530 450 1601 qui
469 1548 541 1590 cuin
559 1525 723 1599 semiplena
742 1539 850 1598 peccat
870 1521 930 1608 ais,
960 1545 1028 1602 quae
1048 1523 1273 1604 supradiximus
1288 1523 1386 1591 iubos:
1394 1525 1504 1592 eodem
1524 1525 1728 1608 paragraphus

163 1609 345 1680 vertentia,
365 1621 418 1668 aut
437 1609 488 1682 qui
510 1625 549 1668 eir
570 1604 690 1669 malitia
710 1623 746 1665 ac
759 1603 926 1680 scienter,

162 1705 256 1760 quam
274 1686 323 1759 qui
343 1700 383 1747 ex
403 1687 603 1763 ignorantia,
626 1679 787 1768 pullione,
812 1696 925 1758 metu,
1036 1725 1053 1758 .
1283 1693 1310 1751 s.
1352 1679 1406 1749 ΧΙ.

161 1763 398 1918 spbiiiizcbbii
419 1757 926 1922 iirbgiemffissdffiffiffi
1021 1804 1067 1866 Dr
1086 1797 1270 1884 distinetione
1283 1792 1438 1866 numerica
1450 1793 1662 1883 Peperierum.
1716 1811 1720 1822 ·

163 1915 320 1996 specim,
345 1918 400 1982 nisi
420 1943 490 1984 cuni
519 1940 730 1999 peccatumex
750 1919 864 1982 veniali
882 1913 899 1982 s
912 1949 927 1968 ·
1001 1916 1060 1980 Res
1083 1914 1444 1992 nobistraslankrienc
1472 1918 1616 1986 obiicitur
1634 1882 1727 1988 valde

162 2001 253 2062 ciunt
273 1999 421 2063 mortale.
443 2000 516 2064 Non
538 2021 607 2065 raro
622 2019 726 2065 tamen
743 2003 871 2075 ciente,
891 2015 926 2062 ut
961 1996 1063 2074 utilis,
1086 1998 1178 2060 immo
1193 1994 1228 2067 dt
1244 1999 1374 2063 maxime
1388 1997 1552 2080 necessaria
1573 1999 1610 2062 ad
1630 2001 1720 2074 digne
1749 2047 1758 2076 ,

157 2077 390 2142 clamitantis
406 2080 487 2144 modi
499 2079 733 2156 speciemmuret
745 2078 803 2143 lie:
825 2098 925 2142 umo-
958 2073 1190 2140 Sacramentum
1206 2077 1404 2141 Poenitentiae
1422 2076 1638 2152 suscipiendum
1657 2085 1729 2148 mn·

57 2209 62 2226 .
157 2155 393 2222 dustriolentire
425 2161 576 2224 intutiosae
600 2155 760 2224 eonllituit
788 2163 926 2236 rapinam
960 2152 1209 2232 nislrauduiaque
1233 2153 1305 2234 ,sed
1327 2155 1511 2232 perdifficilis
1542 2159 1729 2234 explicatu.

159 2237 196 2298 in
215 2231 299 2300 surto
317 2285 326 2314 ,
344 2234 477 2314 stuprum
498 2243 529 2302 in
550 2235 768 2304 fornicatione.
800 2256 830 2302 a.
851 2227 926 2302 M&
958 2237 1031 2310 quia
1050 2257 1121 2300 cum
1140 2235 1248 2300 debeat
1270 2241 1422 2311 prenitens
1437 2235 1608 2304 Sacerdoti.
1627 2239 1712 2312 speri

150 2314 214 2378 dus
230 2314 413 2379 detrahendi
429 2339 533 2382 eoram
555 2317 618 2394 ipsa
640 2317 786 2396 persona,
806 2322 855 2382 cui
876 2319 925 2380 dc·
962 2333 992 2376 re
1021 2318 1055 2376 in
1076 2311 1517 2381 sacramenraucrinfcffione
1545 2336 1606 2380 uon
1628 2317 1723 2385 soloni

157 2395 317 2472 trahitur,
333 2395 415 2460 addit
435 2397 617 2462 decredioni
644 2397 795 2462 malitiam
814 2416 925 2469 contu·
962 2410 1156 2468 peccatorum
1178 2394 1288 2474 speeies
1310 2443 1320 2472 ,
1346 2394 1398 2458 scd
1426 2415 1589 2460 numerum
1609 2413 1728 2474 quoque
1794 2397 1804 2402 ’

155 2474 286 2538 melre.
314 2491 340 2553 3.
358 2474 470 2538 Modus
497 2477 640 2550 peccandi
673 2497 714 2540 ex
742 2494 924 2556 contemptu
959 2472 994 2540 dt
1013 2474 1256 2550 circimislauries
1281 2493 1331 2540 ·ut
1351 2471 1728 2542 definitCuneiliumTri·

155 2548 303 2644 sumaih
322 2573 365 2616 eir
381 2545 616 2632 odio,r¹nridia,
631 2553 838 2620 inobedientia
854 2557 924 2631 ,ad
956 2553 1254 2644 denrinumScsqu.
1267 2521 1380 2633 barin.
1392 2553 1507 2632 ubiait,
1527 2555 1726 2622 necellariure

154 2631 207 2694 dit
228 2649 356 2708 peceato
375 2632 528 2710 propriam
547 2652 743 2711 contemptus
762 2635 871 2711 ‚odii‚
890 2633 924 2698 dt
962 2632 1026 2698 elle
1044 2651 1109 2696 iure
1129 2632 1246 2698 Divino
1265 2633 1406 2700 consiteri
1422 2637 1548 2712 omnia,
1564 2633 1597 2702 dt
1614 2635 1730 2714 sintela

69 2713 77 2730 ‘
151 2711 302 2776 similium
317 2713 485 2776 malitiam.
509 2713 603 2778 Serus
628 2712 647 2775 si
670 2715 735 2780 brec
755 2712 923 2790 expresse,
961 2726 1085 2786 pacata
1105 2709 1320 2786 mortalias&
1340 2712 1426 2798 sista
1446 2707 1732 2793 nonseeeritpoeui-

148 2789 190 2856 &
212 2787 384 2866 specialiter
399 2811 463 2860 rien
482 2793 718 2870 intendantur3
756 2796 827 2868 quia
848 2792 922 2856 alio-
960 2809 1051 2864 tens,
1071 2807 1218 2854 teneatur
1236 2787 1731 2858 consessniuseumtcrndeilus
1787 2833 1795 2848 ·

147 2872 231 2942 quin
252 2888 427 2935 nonerunt
457 2869 513 2936 nisi
542 2874 697 2950 generales
724 2869 923 2936 circumslan·
960 2867 1725 2948 interrogaretusrarnuamprescripramrsssc-

147 2953 232 3024 tiae,
249 2969 318 3023 quie
346 2949 469 3015 cuilibet
493 2969 620 3026 percuo
646 2950 825 3028 accedunt,
853 2971 924 3034 cuin
959 2943 1051 3038 clesia
1071 2951 1103 3010 in
1125 2947 1177 3014 suo
1197 2949 1314 3014 Rituasi
1329 2949 1472 3016 Romano
1491 2951 1522 3012 in
1541 2949 1675 3018 Robrica
1693 2951 1729 3016 de

78 3050 80 3056 ¹
147 3043 352 3104 contemptus
373 3049 405 3094 v.
422 3052 448 3108 g.
467 3031 592 3096 Divinae
610 3031 702 3109 legis,
723 3031 925 3108 ingratitudo,
959 3028 1354 3105 PmirenriaeSerrarrrrito3
1374 3030 1511 3104 quianon
1534 3029 1640 3108 videt,
1654 3051 1729 3107 aeae

100 3160 105 3168 .
148 3107 280 3181 aliaque
296 3107 417 3174 huiusce
431 3113 550 3189 generis
569 3114 602 3174 in
620 3114 703 3176 omni
732 3127 859 3187 peceato
874 3127 922 3174 re·
959 3123 1143 3186 quanteque
1179 3128 1240 3173 nori
1273 3107 1358 3172 leves
1382 3105 1582 3172 difficultates
1617 3115 1648 3174 in
1664 3111 1730 3176 ¹tali

153 3189 339 3262 periratus.
745 3217 754 3237 ·
960 3186 1113 3265 prmosito
1127 3185 1326 3254 dissolvendae
1345 3203 1533 3266 occurrant,
1548 3208 1584 3253 ae
1604 3189 1730 3268 proinde

160 3299 166 3308 ·
197 3261 372 3332 Difficultas
398 3266 545 3336 versatur
570 3273 653 3336 inter
673 3269 771 3336 D..D·
807 3287 847 3338 an
872 3287 924 3348 ee·
962 3269 993 3330 sn
1010 3269 1136 3349 negotio
1156 3287 1217 3338 non
1234 3271 1334 3332 nunus
1356 3269 1446 3338 valde
1461 3265 1727 3347 curulemque

146 3342 238 3410 slans
255 3345 431 3410 Sansloruin
456 3348 611 3427 Reliquias
639 3349 721 3414 collo
747 3347 892 3424 appensas
915 3390 924 3426 ,
958 3341 1194 3416 obscuritatibus
1214 3349 1388 3433 inuoluto,
1410 3365 1499 3426 quaui
1516 3348 1644 3414 arduum
1663 3348 1731 3427 sit,

144 3421 175 3486 fi
197 3439 304 3499 peccet
324 3472 333 3499 ‚
359 3444 504 3490 seruatur
527 3429 649 3492 niodum
670 3430 754 3490 bunc.
769 3429 923 3503 explicare
959 3425 1020 3491 sine
1037 3431 1211 3494 animarum
1224 3429 1416 3505 discrimine,
1436 3446 1545 3503 nempe
1562 3425 1733 3498 secundum

147 3505 188 3566 in
212 3499 420 3568 Conseffioue.
440 3505 487 3568 De
503 3508 596 3586 Lugo
610 3527 672 3570 oon
683 3507 791 3570 eximit
810 3511 922 3582 agraet
959 3508 1002 3570 rei
1023 3509 1190 3572 veritatem
1209 3503 1238 3569 se
1258 3505 1433 3572 extricare?
1452 3505 1663 3574 Nihilominus
1678 3527 1729 3572 ce·

145 3581 250 3656 culpa
269 3599 381 3648 contra
402 3585 612 3662 Religionem,
632 3589 682 3661 qui
705 3584 923 3648 Eutharilliain
961 3584 1126 3650 lebeiorum
1144 3583 1377 3663 Tbeologorum
1393 3585 1482 3650 ductu
1497 3633 1507 3662 ,
1524 3589 1643 3654 meliori
1664 3607 1731 3652 ino·

198 3677 286 3726 naus
316 3661 413 3726 aslum
445 3684 614 3735 venatum
649 3681 836 3742 exnterem
873 3659 922 3728 scd
958 3663 1018 3740 do,
1036 3685 1098 3742 quo
1115 3665 1228 3742 ingenii
1256 3666 1351 3728 nosiri
1375 3665 1499 3732 exilitas
1528 3669 1728 3744 permiserit,

189 3742 369 3806 ourneleius
390 3763 455 3806 rein
468 3745 609 3812 extendit
626 3747 724 3808 etiarn
742 3745 781 3808 ad
797 3761 922 3819 peccate
959 3761 999 3806 ue
1017 3745 1047 3808 id
1062 3761 1181 3820 quoque
1195 3745 1276 3817 quod
1297 3761 1364 3810 tam
1388 3743 1585 3812 saccellarium
1613 3743 1659 3813 esl·
1682 3746 1731 3814 liic

142 3816 354 3884 depressionis
378 3867 387 3895 ,
408 3827 635 3902 contumeliae,
664 3825 837 3888 aliorumve
866 3824 922 3888 liu·
957 3819 1170 3900 desideretur,
1187 3823 1327 3888 breviter
1349 3825 1469 3898 quidem
1489 3826 1658 3900 explanare
1677 3849 1732 3890 ru·

141 3897 239 3974 iulce
268 3900 411 3972 generis.
439 3899 636 3980 ceteroquin
663 3907 744 3970 circa
766 3903 922 3980 Reliquias
958 3903 1161 3979 retinuerit
1180 3898 1203 3964 si
1221 3907 1374 3978 paenitens
1390 3905 1541 3978 manerius
1566 3957 1573 3980 ‚
1602 3909 1651 3968 erl
1675 3927 1730 3970 ne·

143 3973 340 4042 Sanslorurn
360 3972 510 4044 serentem
533 4029 543 4058 ,
569 4002 632 4046 non
658 3983 773 4047 credit·
788 3984 838 4047 liic
869 4003 922 4052 au·
956 3980 1102 4061 efigcntia
1122 3984 1154 4046 in
1172 3981 1229 4046 boc
1244 3987 1368 4060 negotio
1396 3983 1729 4064 ufarranneinim,

131 4055 244 4132 Ros,
263 4075 301 4120 eo
320 4053 385 4148 solo
405 4074 469 4136 pam
490 4079 575 4124 reuin
599 4059 666 4126 fieri
686 4061 760 4126 diam
783 4079 921 4139 peren,
957 4082 994 4126 ae
1015 4061 1187 4136 sollicitudo
1203 4059 1383 4126 Confessarii
1399 4063 1536 4140 supplere
1554 4068 1679 4133 valeat.
1712 4111 1715 4118 -

140 4153 187 4202 ut
209 4133 303 4198 talem
323 4133 584 4206 circumstantiam
599 4146 875 4220 teneaturaperire
890 4146 922 4228 in
997 4141 1164 4206 Numerica
1190 4161 1387 4217 metatorum
1418 4145 1666 4222 multiplicatio,
1692 4161 1729 4209 ut

144 4209 385 4296 Conseffioue3
410 4216 548 4294 alioquin
577 4215 671 4284 sarius
693 4221 835 4290 essetab
863 4221 922 4287 lioe
957 4241 998 4292 ex
1018 4220 1103 4285 distis
1117 4237 1224 4299 patet,
1245 4219 1295 4286 liic
1315 4225 1493 4290 attenditur
1511 4231 1541 4287 in
1558 4227 1670 4290 ordine
1688 4223 1726 4291 ad

145 4297 284 4374 pietatis
305 4294 374 4360 aslis
394 4293 566 4377 abllinere,
582 4319 656 4362 eum
672 4320 762 4366 nemo
778 4299 844 4380 sit,
871 4305 921 4378 qui
955 4289 1218 4367 sacramentalem
1236 4297 1483 4380 consessionem,
1506 4301 1578 4366 ide-sl
1601 4303 1730 4366 iriurdi·
1848 4331 1851 4338 ·

141 4393 220 4440 non
239 4374 330 4441 eadat
347 4421 356 4452 ,
373 4372 480 4444 saltem
502 4379 664 4444 venialiter
684 4426 694 4458 ,
716 4380 751 4446 dt
779 4385 832 4457 qui
847 4402 922 4448 con-
958 4399 997 4444 ne
1017 4381 1054 4444 ad
1074 4400 1183 4447 eorum
1198 4385 1388 4446 numericam
1407 4379 1692 4448 manifestationem
1712 4429 1723 4462 ‚

139 4451 316 4527 sequutum
334 4453 418 4522 levia
436 4457 502 4524 bec
518 4474 643 4535 peccam
662 4461 919 4540 nouadwgeret·
956 4479 1025 4535 sua
1046 4455 1184 4526 sarienda
1198 4459 1241 4525 eli
1259 4465 1290 4524 iii
1305 4457 1522 4543 censemus,
1555 4479 1590 4526 ut
1612 4467 1730 4528 adeius

141 4531 245 4596 Num
265 4537 538 4614 autemeeplicare
566 4543 922 4618 teneaturpuiniteus,
957 4543 1170 4618 integritatem
1184 4544 1312 4607 mutuno
1333 4543 1521 4616 requiritur.
1542 4541 1656 4606 idcirco
1674 4541 1725 4608 liic
1823 4571 1825 4581 ¹

141 4611 186 4672 le
204 4607 342 4678 restitisse
357 4614 480 4682 Divinis
497 4616 763 4697 inspirationibus,
784 4619 919 4686 dubitari
957 4624 1058 4698 agitur
1076 4621 1114 4686 de
1133 4621 1269 4698 morali,
1295 4639 1356 4688 nm
1384 4622 1506 4704 physica
1530 4643 1729 4706 peccatorum
1813 4679 1816 4686 .

138 4687 271 4783 potest.
297 4685 483 4787 Circequod
503 4697 692 4777 dicendum,
717 4699 919 4765 circumslan·
954 4698 1167 4776 dislinslione,
1202 4720 1272 4764 cum
1304 4721 1343 4763 ex
1373 4699 1493 4786 pliysiea
1527 4722 1724 4778 peccatorum

138 4784 235 4844 ¹¹²⁰)
254 4770 455 4868 inspirationis
474 4778 687 4862 vehementis,
702 4800 771 4859 qisae
784 4778 918 4862 oensem
955 4781 1215 4864 multiplicatione
1242 4797 1309 4850 nou
1326 4777 1440 4862 leuues
1456 4781 1596 4859 sequatur
1611 4801 1730 4927 {gaun-
