<?xml version="1.0" encoding="UTF-8"?>
<!DOCTYPE html PUBLIC "-//W3C//DTD XHTML 1.0 Transitional//EN"
    "http://www.w3.org/TR/xhtml1/DTD/xhtml1-transitional.dtd">
<html xmlns="http://www.w3.org/1999/xhtml" xml:lang="en" lang="en">
 <head>
  <title>
</title>
<meta http-equiv="Content-Type" content="text/html;charset=utf-8" />
  <meta name='ocr-system' content='tesseract 3.04.00' />
  <meta name='ocr-capabilities' content='ocr_page ocr_carea ocr_par ocr_line ocrx_word'/>
</head>
<body>
  <div class='ocr_page' id='page_1' title='image "./institutionesth02boragoog_0306.png"; bbox 0 0 4058 5460; ppageno 0'>
   <div class='ocr_carea' id='block_1_1' title="bbox 464 249 1662 348">
    <p class='ocr_par' dir='ltr' id='par_1_1' title="bbox 464 223 1662 348">
     <span class='ocr_line' id='line_1_1' title="bbox 464 249 1662 348; baseline 0.002 -20"><span class='ocrx_word' id='word_1_1' title='bbox 464 249 1428 348; x_wconf 64' lang='lat' dir='ltr'>cineratusnepaecarrtcii.lr.</span> <span class='ocrx_word' id='word_1_2' title='bbox 1589 249 1662 334; x_wconf 76' lang='lat' dir='ltr'>eir</span> 
     </span>
    </p>
   </div>
   <div class='ocr_carea' id='block_1_2' title="bbox 89 347 1772 1706">
    <p class='ocr_par' dir='ltr' id='par_1_2' title="bbox 89 347 1772 1706">
     <span class='ocr_line' id='line_1_2' title="bbox 157 347 1718 436; baseline -0.008 -8"><span class='ocrx_word' id='word_1_3' title='bbox 157 393 161 402; x_wconf 95' lang='lat'><em>·</em></span> <span class='ocrx_word' id='word_1_4' title='bbox 193 357 312 436; x_wconf 72' lang='lat' dir='ltr'>ilerum</span> <span class='ocrx_word' id='word_1_5' title='bbox 338 353 382 426; x_wconf 80' lang='lat' dir='ltr'>ad</span> <span class='ocrx_word' id='word_1_6' title='bbox 405 352 575 432; x_wconf 86' lang='lat' dir='ltr'>pleniorem</span> <span class='ocrx_word' id='word_1_7' title='bbox 603 351 696 418; x_wconf 77' lang='lat' dir='ltr'>liuiua</span> <span class='ocrx_word' id='word_1_8' title='bbox 716 354 761 416; x_wconf 90' lang='lat' dir='ltr'>rei</span> <span class='ocrx_word' id='word_1_9' title='bbox 787 351 924 416; x_wconf 76' lang='lat' dir='ltr'>elucida-</span> <span class='ocrx_word' id='word_1_10' title='bbox 957 351 1154 432; x_wconf 67' lang='lat' dir='ltr'>obligationis</span> <span class='ocrx_word' id='word_1_11' title='bbox 1176 354 1334 430; x_wconf 76' lang='lat' dir='ltr'>quantitas</span> <span class='ocrx_word' id='word_1_12' title='bbox 1363 369 1429 422; x_wconf 89' lang='lat' dir='ltr'>non</span> <span class='ocrx_word' id='word_1_13' title='bbox 1457 347 1658 418; x_wconf 75' lang='lat' dir='ltr'>contineatur</span> <span class='ocrx_word' id='word_1_14' title='bbox 1686 349 1718 416; x_wconf 89' lang='lat' dir='ltr'>io</span> 
     </span>
     <span class='ocr_line' id='line_1_3' title="bbox 152 425 1719 522; baseline -0.006 -22"><span class='ocrx_word' id='word_1_15' title='bbox 152 447 293 522; x_wconf 70' lang='lat' dir='ltr'>tionem,</span> <span class='ocrx_word' id='word_1_16' title='bbox 309 453 469 519; x_wconf 82' lang='lat' dir='ltr'>peccatum</span> <span class='ocrx_word' id='word_1_17' title='bbox 488 435 524 494; x_wconf 94' lang='lat' dir='ltr'>in</span> <span class='ocrx_word' id='word_1_18' title='bbox 543 433 656 510; x_wconf 87' lang='lat' dir='ltr'>triplici</span> <span class='ocrx_word' id='word_1_19' title='bbox 672 429 757 495; x_wconf 87' lang='lat' dir='ltr'>sensu</span> <span class='ocrx_word' id='word_1_20' title='bbox 775 432 835 494; x_wconf 88' lang='lat' dir='ltr'>dici</span> <span class='ocrx_word' id='word_1_21' title='bbox 854 447 924 508; x_wconf 87' lang='lat' dir='ltr'>pot·</span> <span class='ocrx_word' id='word_1_22' title='bbox 957 434 1134 512; x_wconf 81' lang='lat' dir='ltr'>Scriptura,</span> <span class='ocrx_word' id='word_1_23' title='bbox 1156 448 1210 498; x_wconf 87' lang='lat' dir='ltr'>aut</span> <span class='ocrx_word' id='word_1_24' title='bbox 1237 435 1269 496; x_wconf 88' lang='lat' dir='ltr'>in</span> <span class='ocrx_word' id='word_1_25' title='bbox 1295 434 1396 510; x_wconf 85' lang='lat' dir='ltr'>aliqua</span> <span class='ocrx_word' id='word_1_26' title='bbox 1412 431 1477 510; x_wconf 74' lang='lat' dir='ltr'>lege</span> <span class='ocrx_word' id='word_1_27' title='bbox 1502 425 1651 505; x_wconf 78' lang='lat' dir='ltr'>positiva,</span> <span class='ocrx_word' id='word_1_28' title='bbox 1672 449 1719 491; x_wconf 89' lang='lat' dir='ltr'>re·</span> 
     </span>
     <span class='ocr_line' id='line_1_4' title="bbox 89 507 1718 592; baseline -0.013 0"><span class='ocrx_word' id='word_1_29' title='bbox 89 584 91 592; x_wconf 93' lang='lat'><em>.</em></span> <span class='ocrx_word' id='word_1_30' title='bbox 149 519 198 590; x_wconf 84' lang='lat' dir='ltr'>est</span> <span class='ocrx_word' id='word_1_31' title='bbox 226 518 349 586; x_wconf 79' lang='lat' dir='ltr'>veniale</span> <span class='ocrx_word' id='word_1_32' title='bbox 372 519 462 579; x_wconf 84' lang='lat' dir='ltr'>iuxta</span> <span class='ocrx_word' id='word_1_33' title='bbox 490 511 522 576; x_wconf 85' lang='lat' dir='ltr'>S.</span> <span class='ocrx_word' id='word_1_34' title='bbox 543 510 695 578; x_wconf 82' lang='lat' dir='ltr'>Thomam</span> <span class='ocrx_word' id='word_1_35' title='bbox 719 530 744 572; x_wconf 85' lang='lat' dir='ltr'>r.</span> <span class='ocrx_word' id='word_1_36' title='bbox 771 529 802 578; x_wconf 74' lang='lat' dir='ltr'>a·</span> <span class='ocrx_word' id='word_1_37' title='bbox 827 531 852 586; x_wconf 88' lang='lat' dir='ltr'>q.</span> <span class='ocrx_word' id='word_1_38' title='bbox 872 508 921 575; x_wconf 80' lang='lat'>88.</span> <span class='ocrx_word' id='word_1_39' title='bbox 957 513 1144 577; x_wconf 88' lang='lat' dir='ltr'>currendum</span> <span class='ocrx_word' id='word_1_40' title='bbox 1158 511 1202 574; x_wconf 84' lang='lat' dir='ltr'>eil</span> <span class='ocrx_word' id='word_1_41' title='bbox 1222 513 1259 577; x_wconf 94' lang='lat' dir='ltr'>ad</span> <span class='ocrx_word' id='word_1_42' title='bbox 1275 511 1420 575; x_wconf 86' lang='lat' dir='ltr'>iuditium</span> <span class='ocrx_word' id='word_1_43' title='bbox 1437 510 1598 588; x_wconf 88' lang='lat' dir='ltr'>naturale,</span> <span class='ocrx_word' id='word_1_44' title='bbox 1617 507 1667 572; x_wconf 87' lang='lat' dir='ltr'>seu</span> <span class='ocrx_word' id='word_1_45' title='bbox 1680 508 1718 572; x_wconf 87' lang='lat' dir='ltr'>ad</span> 
     </span>
     <span class='ocr_line' id='line_1_5' title="bbox 150 587 1717 674; baseline -0.005 -14"><span class='ocrx_word' id='word_1_46' title='bbox 150 617 214 666; x_wconf 79' lang='lat' dir='ltr'>art.</span> <span class='ocrx_word' id='word_1_47' title='bbox 239 617 274 662; x_wconf 81' lang='lat' dir='ltr'>a.</span> <span class='ocrx_word' id='word_1_48' title='bbox 305 599 403 674; x_wconf 89' lang='lat' dir='ltr'>primo</span> <span class='ocrx_word' id='word_1_49' title='bbox 432 590 628 670; x_wconf 68' lang='lat' dir='ltr'>aberenei,</span> <span class='ocrx_word' id='word_1_50' title='bbox 657 593 730 666; x_wconf 84' lang='lat' dir='ltr'>quia</span> <span class='ocrx_word' id='word_1_51' title='bbox 752 610 805 668; x_wconf 86' lang='lat' dir='ltr'>per</span> <span class='ocrx_word' id='word_1_52' title='bbox 826 593 920 666; x_wconf 83' lang='lat' dir='ltr'>poeni-</span> <span class='ocrx_word' id='word_1_53' title='bbox 958 589 1104 657; x_wconf 78' lang='lat' dir='ltr'>dillamen</span> <span class='ocrx_word' id='word_1_54' title='bbox 1124 591 1335 656; x_wconf 87' lang='lat' dir='ltr'>conicientiae:</span> <span class='ocrx_word' id='word_1_55' title='bbox 1360 587 1476 654; x_wconf 86' lang='lat' dir='ltr'>undesr</span> <span class='ocrx_word' id='word_1_56' title='bbox 1498 591 1582 653; x_wconf 89' lang='lat' dir='ltr'>ratio</span> <span class='ocrx_word' id='word_1_57' title='bbox 1601 589 1717 670; x_wconf 74' lang='lat' dir='ltr'>ditlet,</span> 
     </span>
     <span class='ocr_line' id='line_1_6' title="bbox 152 664 1718 750; baseline -0.01 -4"><span class='ocrx_word' id='word_1_58' title='bbox 152 681 288 746; x_wconf 84' lang='lat' dir='ltr'>tentiam</span> <span class='ocrx_word' id='word_1_59' title='bbox 309 677 433 742; x_wconf 83' lang='lat' dir='ltr'>ueniam</span> <span class='ocrx_word' id='word_1_60' title='bbox 444 667 661 750; x_wconf 70' lang='lat' dir='ltr'>consequitur,</span> <span class='ocrx_word' id='word_1_61' title='bbox 681 669 715 733; x_wconf 86' lang='lat' dir='ltr'>dt</span> <span class='ocrx_word' id='word_1_62' title='bbox 733 672 765 731; x_wconf 92' lang='lat' dir='ltr'>in</span> <span class='ocrx_word' id='word_1_63' title='bbox 782 667 839 732; x_wconf 82' lang='lat' dir='ltr'>hoc</span> <span class='ocrx_word' id='word_1_64' title='bbox 856 666 922 732; x_wconf 90' lang='lat' dir='ltr'>len·</span> <span class='ocrx_word' id='word_1_65' title='bbox 958 673 1059 746; x_wconf 87' lang='lat' dir='ltr'>aliqua</span> <span class='ocrx_word' id='word_1_66' title='bbox 1070 673 1212 750; x_wconf 66' lang='lat' dir='ltr'>¹grauiter</span> <span class='ocrx_word' id='word_1_67' title='bbox 1227 667 1379 734; x_wconf 89' lang='lat' dir='ltr'>adversari</span> <span class='ocrx_word' id='word_1_68' title='bbox 1389 664 1558 747; x_wconf 85' lang='lat' dir='ltr'>honestati,</span> <span class='ocrx_word' id='word_1_69' title='bbox 1573 667 1634 732; x_wconf 87' lang='lat' dir='ltr'>elle</span> <span class='ocrx_word' id='word_1_70' title='bbox 1641 668 1718 732; x_wconf 89' lang='lat' dir='ltr'>mul·</span> 
     </span>
     <span class='ocr_line' id='line_1_7' title="bbox 149 743 1718 826; baseline -0.008 -2"><span class='ocrx_word' id='word_1_71' title='bbox 149 761 187 824; x_wconf 86' lang='lat' dir='ltr'>lu</span> <span class='ocrx_word' id='word_1_72' title='bbox 202 761 300 823; x_wconf 84' lang='lat' dir='ltr'>etiam</span> <span class='ocrx_word' id='word_1_73' title='bbox 318 750 452 820; x_wconf 79' lang='lat' dir='ltr'>mortale</span> <span class='ocrx_word' id='word_1_74' title='bbox 470 751 529 815; x_wconf 88' lang='lat' dir='ltr'>dici</span> <span class='ocrx_word' id='word_1_75' title='bbox 550 746 648 826; x_wconf 85' lang='lat' dir='ltr'>potell</span> <span class='ocrx_word' id='word_1_76' title='bbox 666 748 806 812; x_wconf 82' lang='lat' dir='ltr'>veniale.</span> <span class='ocrx_word' id='word_1_77' title='bbox 833 765 862 810; x_wconf 82' lang='lat' dir='ltr'>a.</span> <span class='ocrx_word' id='word_1_78' title='bbox 880 749 923 811; x_wconf 91' lang='lat' dir='ltr'>di·</span> <span class='ocrx_word' id='word_1_79' title='bbox 960 767 1026 814; x_wconf 91' lang='lat' dir='ltr'>tum</span> <span class='ocrx_word' id='word_1_80' title='bbox 1036 749 1230 815; x_wconf 87' lang='lat' dir='ltr'>autDeoaut</span> <span class='ocrx_word' id='word_1_81' title='bbox 1243 751 1383 826; x_wconf 81' lang='lat' dir='ltr'>proximo</span> <span class='ocrx_word' id='word_1_82' title='bbox 1393 743 1535 811; x_wconf 89' lang='lat' dir='ltr'>iniuriosa</span> <span class='ocrx_word' id='word_1_83' title='bbox 1551 795 1559 823; x_wconf 95' lang='lat'>,</span> <span class='ocrx_word' id='word_1_84' title='bbox 1577 745 1612 814; x_wconf 72' lang='grc' dir='ltr'>ἀ</span> <span class='ocrx_word' id='word_1_85' title='bbox 1630 752 1718 812; x_wconf 89' lang='lat' dir='ltr'>noci-</span> 
     </span>
     <span class='ocr_line' id='line_1_8' title="bbox 146 821 1718 910; baseline -0.006 -8"><span class='ocrx_word' id='word_1_86' title='bbox 146 843 234 904; x_wconf 89' lang='lat' dir='ltr'>citur</span> <span class='ocrx_word' id='word_1_87' title='bbox 256 833 401 910; x_wconf 77' lang='lat' dir='ltr'>veniale;</span> <span class='ocrx_word' id='word_1_88' title='bbox 422 831 491 908; x_wconf 87' lang='lat' dir='ltr'>quia</span> <span class='ocrx_word' id='word_1_89' title='bbox 511 846 575 894; x_wconf 89' lang='lat' dir='ltr'>non</span> <span class='ocrx_word' id='word_1_90' title='bbox 597 827 689 890; x_wconf 85' lang='lat' dir='ltr'>babet</span> <span class='ocrx_word' id='word_1_91' title='bbox 710 830 741 890; x_wconf 92' lang='lat' dir='ltr'>in</span> <span class='ocrx_word' id='word_1_92' title='bbox 763 828 814 906; x_wconf 88' lang='lat' dir='ltr'>se,</span> <span class='ocrx_word' id='word_1_93' title='bbox 840 827 922 892; x_wconf 89' lang='lat' dir='ltr'>unde</span> <span class='ocrx_word' id='word_1_94' title='bbox 958 845 1017 907; x_wconf 83' lang='lat' dir='ltr'>va,</span> <span class='ocrx_word' id='word_1_95' title='bbox 1033 849 1087 906; x_wconf 92' lang='lat' dir='ltr'>pro</span> <span class='ocrx_word' id='word_1_96' title='bbox 1102 830 1281 896; x_wconf 82' lang='lat' dir='ltr'>mortalibus</span> <span class='ocrx_word' id='word_1_97' title='bbox 1298 826 1436 892; x_wconf 87' lang='lat' dir='ltr'>habenda</span> <span class='ocrx_word' id='word_1_98' title='bbox 1452 821 1539 901; x_wconf 84' lang='lat' dir='ltr'>lunt;</span> <span class='ocrx_word' id='word_1_99' title='bbox 1556 825 1600 888; x_wconf 87' lang='lat' dir='ltr'>lin</span> <span class='ocrx_word' id='word_1_100' title='bbox 1615 831 1718 894; x_wconf 81' lang='lat' dir='ltr'>minut</span> 
     </span>
     <span class='ocr_line' id='line_1_9' title="bbox 149 904 1718 990; baseline -0.006 -10"><span class='ocrx_word' id='word_1_101' title='bbox 149 918 274 982; x_wconf 71' lang='lat' dir='ltr'>amiam</span> <span class='ocrx_word' id='word_1_102' title='bbox 300 934 364 979; x_wconf 87' lang='lat' dir='ltr'>noo</span> <span class='ocrx_word' id='word_1_103' title='bbox 390 905 611 986; x_wconf 81' lang='lat' dir='ltr'>consequatur,</span> <span class='ocrx_word' id='word_1_104' title='bbox 634 904 683 970; x_wconf 86' lang='lat' dir='ltr'>vel</span> <span class='ocrx_word' id='word_1_105' title='bbox 706 910 737 970; x_wconf 89' lang='lat' dir='ltr'>in</span> <span class='ocrx_word' id='word_1_106' title='bbox 757 924 847 984; x_wconf 87' lang='lat' dir='ltr'>toto,</span> <span class='ocrx_word' id='word_1_107' title='bbox 870 907 920 970; x_wconf 86' lang='lat' dir='ltr'>vel</span> <span class='ocrx_word' id='word_1_108' title='bbox 957 930 1011 986; x_wconf 90' lang='lat' dir='ltr'>pro</span> <span class='ocrx_word' id='word_1_109' title='bbox 1034 909 1235 986; x_wconf 78' lang='lat' dir='ltr'>venialibus,</span> <span class='ocrx_word' id='word_1_110' title='bbox 1261 906 1296 972; x_wconf 89' lang='lat' dir='ltr'>ad</span> <span class='ocrx_word' id='word_1_111' title='bbox 1319 905 1398 986; x_wconf 90' lang='lat' dir='ltr'>quod</span> <span class='ocrx_word' id='word_1_112' title='bbox 1427 923 1489 968; x_wconf 89' lang='lat' dir='ltr'>non</span> <span class='ocrx_word' id='word_1_113' title='bbox 1517 923 1623 981; x_wconf 86' lang='lat' dir='ltr'>parum</span> <span class='ocrx_word' id='word_1_114' title='bbox 1640 925 1718 990; x_wconf 83' lang='lat' dir='ltr'>ton·</span> 
     </span>
     <span class='ocr_line' id='line_1_10' title="bbox 146 983 1772 1074; baseline -0.007 -13"><span class='ocrx_word' id='word_1_115' title='bbox 146 999 184 1062; x_wconf 82' lang='lat' dir='ltr'>in</span> <span class='ocrx_word' id='word_1_116' title='bbox 204 997 362 1074; x_wconf 83' lang='lat' dir='ltr'>parte.1n</span> <span class='ocrx_word' id='word_1_117' title='bbox 374 1000 458 1068; x_wconf 80' lang='lat' dir='ltr'>parte</span> <span class='ocrx_word' id='word_1_118' title='bbox 485 985 608 1066; x_wconf 89' lang='lat' dir='ltr'>quidem</span> <span class='ocrx_word' id='word_1_119' title='bbox 631 987 751 1061; x_wconf 87' lang='lat' dir='ltr'>quando</span> <span class='ocrx_word' id='word_1_120' title='bbox 773 987 863 1050; x_wconf 84' lang='lat' dir='ltr'>habet</span> <span class='ocrx_word' id='word_1_121' title='bbox 889 989 921 1049; x_wconf 89' lang='lat' dir='ltr'>in</span> <span class='ocrx_word' id='word_1_122' title='bbox 957 985 1038 1058; x_wconf 84' lang='lat' dir='ltr'>serre</span> <span class='ocrx_word' id='word_1_123' title='bbox 1055 987 1151 1068; x_wconf 87' lang='lat' dir='ltr'>potell</span> <span class='ocrx_word' id='word_1_124' title='bbox 1171 1008 1236 1053; x_wconf 90' lang='lat' dir='ltr'>tum</span> <span class='ocrx_word' id='word_1_125' title='bbox 1249 983 1412 1052; x_wconf 73' lang='lat' dir='ltr'>consensus</span> <span class='ocrx_word' id='word_1_126' title='bbox 1428 987 1570 1064; x_wconf 82' lang='lat' dir='ltr'>Patrum,</span> <span class='ocrx_word' id='word_1_127' title='bbox 1587 1001 1655 1048; x_wconf 90' lang='lat' dir='ltr'>tum</span> <span class='ocrx_word' id='word_1_128' title='bbox 1671 990 1716 1049; x_wconf 91' lang='lat' dir='ltr'>iu·</span> <span class='ocrx_word' id='word_1_129' title='bbox 1767 993 1772 1006; x_wconf 97' lang='grc'><strong>’</strong></span> 
     </span>
     <span class='ocr_line' id='line_1_11' title="bbox 149 1064 1716 1149; baseline -0.006 -11"><span class='ocrx_word' id='word_1_130' title='bbox 149 1071 183 1140; x_wconf 87' lang='lat' dir='ltr'>se</span> <span class='ocrx_word' id='word_1_131' title='bbox 198 1073 308 1149; x_wconf 85' lang='lat' dir='ltr'>aliquid</span> <span class='ocrx_word' id='word_1_132' title='bbox 326 1072 498 1135; x_wconf 77' lang='lat' dir='ltr'>diminuens</span> <span class='ocrx_word' id='word_1_133' title='bbox 518 1065 640 1144; x_wconf 87' lang='lat' dir='ltr'>culpam</span> <span class='ocrx_word' id='word_1_134' title='bbox 652 1102 667 1142; x_wconf 90' lang='lat'>,·</span> <span class='ocrx_word' id='word_1_135' title='bbox 684 1085 718 1129; x_wconf 90' lang='grc' dir='ltr'>ιιι</span> <span class='ocrx_word' id='word_1_136' title='bbox 735 1089 805 1130; x_wconf 87' lang='lat' dir='ltr'>cum</span> <span class='ocrx_word' id='word_1_137' title='bbox 821 1065 857 1130; x_wconf 79' lang='lat' dir='ltr'>lit</span> <span class='ocrx_word' id='word_1_138' title='bbox 881 1085 921 1130; x_wconf 84' lang='lat' dir='ltr'>ex</span> <span class='ocrx_word' id='word_1_139' title='bbox 957 1068 1068 1138; x_wconf 86' lang='lat' dir='ltr'>dicium</span> <span class='ocrx_word' id='word_1_140' title='bbox 1089 1069 1269 1145; x_wconf 74' lang='lat' dir='ltr'>Dollorum,</span> <span class='ocrx_word' id='word_1_141' title='bbox 1288 1065 1322 1134; x_wconf 75' lang='grc' dir='ltr'>ἀ</span> <span class='ocrx_word' id='word_1_142' title='bbox 1340 1070 1574 1131; x_wconf 80' lang='lat' dir='ltr'>timoratorum.</span> <span class='ocrx_word' id='word_1_143' title='bbox 1600 1064 1629 1126; x_wconf 85' lang='lat' dir='ltr'>Si</span> <span class='ocrx_word' id='word_1_144' title='bbox 1651 1067 1716 1142; x_wconf 85' lang='lat' dir='ltr'>quit</span> 
     </span>
     <span class='ocr_line' id='line_1_12' title="bbox 151 1139 1716 1230; baseline -0.008 -12"><span class='ocrx_word' id='word_1_145' title='bbox 151 1153 358 1230; x_wconf 81' lang='lat' dir='ltr'>infirmitate,</span> <span class='ocrx_word' id='word_1_146' title='bbox 382 1148 434 1212; x_wconf 86' lang='lat' dir='ltr'>vel</span> <span class='ocrx_word' id='word_1_147' title='bbox 456 1149 652 1223; x_wconf 78' lang='lat' dir='ltr'>ignorantia,</span> <span class='ocrx_word' id='word_1_148' title='bbox 673 1143 707 1208; x_wconf 83' lang='lat' dir='ltr'>dt</span> <span class='ocrx_word' id='word_1_149' title='bbox 731 1145 789 1210; x_wconf 87' lang='lat' dir='ltr'>hoc</span> <span class='ocrx_word' id='word_1_150' title='bbox 806 1146 922 1209; x_wconf 87' lang='lat' dir='ltr'>dicitur</span> <span class='ocrx_word' id='word_1_151' title='bbox 959 1149 1052 1230; x_wconf 79' lang='lat' dir='ltr'>igitur</span> <span class='ocrx_word' id='word_1_152' title='bbox 1079 1169 1143 1212; x_wconf 85' lang='lat' dir='ltr'>rem</span> <span class='ocrx_word' id='word_1_153' title='bbox 1169 1150 1306 1226; x_wconf 79' lang='lat' dir='ltr'>graviter</span> <span class='ocrx_word' id='word_1_154' title='bbox 1335 1149 1470 1210; x_wconf 89' lang='lat' dir='ltr'>vetitam</span> <span class='ocrx_word' id='word_1_155' title='bbox 1500 1139 1632 1222; x_wconf 88' lang='lat' dir='ltr'>fecerit,</span> <span class='ocrx_word' id='word_1_156' title='bbox 1660 1161 1716 1210; x_wconf 91' lang='lat' dir='ltr'>aut</span> 
     </span>
     <span class='ocr_line' id='line_1_13' title="bbox 148 1221 1717 1309; baseline -0.008 -12"><span class='ocrx_word' id='word_1_157' title='bbox 148 1235 277 1306; x_wconf 74' lang='lat' dir='ltr'>qeniale</span> <span class='ocrx_word' id='word_1_158' title='bbox 292 1251 331 1294; x_wconf 77' lang='lat' dir='ltr'>eu</span> <span class='ocrx_word' id='word_1_159' title='bbox 352 1223 472 1293; x_wconf 78' lang='lat' dir='ltr'>caulla-</span> <span class='ocrx_word' id='word_1_160' title='bbox 499 1224 549 1287; x_wconf 84' lang='lat' dir='ltr'>Sic</span> <span class='ocrx_word' id='word_1_161' title='bbox 569 1243 585 1286; x_wconf 87' lang='lat' dir='ltr'>e</span> <span class='ocrx_word' id='word_1_162' title='bbox 605 1243 716 1287; x_wconf 87' lang='lat' dir='ltr'>contra</span> <span class='ocrx_word' id='word_1_163' title='bbox 739 1243 864 1299; x_wconf 82' lang='lat' dir='ltr'>peecata</span> <span class='ocrx_word' id='word_1_164' title='bbox 892 1229 922 1288; x_wconf 89' lang='lat' dir='ltr'>in</span> <span class='ocrx_word' id='word_1_165' title='bbox 958 1230 1096 1309; x_wconf 79' lang='lat' dir='ltr'>graviter</span> <span class='ocrx_word' id='word_1_166' title='bbox 1115 1245 1300 1305; x_wconf 88' lang='lat' dir='ltr'>praeceptam</span> <span class='ocrx_word' id='word_1_167' title='bbox 1315 1225 1449 1290; x_wconf 89' lang='lat' dir='ltr'>omiserit</span> <span class='ocrx_word' id='word_1_168' title='bbox 1468 1243 1537 1288; x_wconf 91' lang='lat' dir='ltr'>cum</span> <span class='ocrx_word' id='word_1_169' title='bbox 1553 1221 1717 1288; x_wconf 83' lang='lat' dir='ltr'>sufficienti</span> 
     </span>
     <span class='ocr_line' id='line_1_14' title="bbox 146 1301 1716 1391; baseline -0.004 -17"><span class='ocrx_word' id='word_1_170' title='bbox 146 1310 302 1391; x_wconf 82' lang='lat' dir='ltr'>Spiritum</span> <span class='ocrx_word' id='word_1_171' title='bbox 331 1303 491 1381; x_wconf 78' lang='lat' dir='ltr'>Sanllum,</span> <span class='ocrx_word' id='word_1_172' title='bbox 514 1301 628 1368; x_wconf 86' lang='lat' dir='ltr'>scilieet</span> <span class='ocrx_word' id='word_1_173' title='bbox 649 1321 688 1364; x_wconf 86' lang='lat' dir='ltr'>err</span> <span class='ocrx_word' id='word_1_174' title='bbox 710 1305 799 1380; x_wconf 68' lang='grc' dir='ltr'>ρίοιιι</span> <span class='ocrx_word' id='word_1_175' title='bbox 819 1306 922 1382; x_wconf 82' lang='lat' dir='ltr'>cogni·</span> <span class='ocrx_word' id='word_1_176' title='bbox 957 1304 1191 1384; x_wconf 78' lang='lat' dir='ltr'>deliberatione,</span> <span class='ocrx_word' id='word_1_177' title='bbox 1220 1306 1255 1371; x_wconf 84' lang='lat' dir='ltr'>dt</span> <span class='ocrx_word' id='word_1_178' title='bbox 1284 1305 1504 1379; x_wconf 86' lang='lat' dir='ltr'>advertentia,</span> <span class='ocrx_word' id='word_1_179' title='bbox 1534 1301 1716 1370; x_wconf 85' lang='lat' dir='ltr'>censendum</span> 
     </span>
     <span class='ocr_line' id='line_1_15' title="bbox 145 1382 1715 1468; baseline -0.008 -10"><span class='ocrx_word' id='word_1_180' title='bbox 145 1399 240 1468; x_wconf 78' lang='lat' dir='ltr'>tione</span> <span class='ocrx_word' id='word_1_181' title='bbox 260 1437 269 1468; x_wconf 88' lang='lat'>,</span> <span class='ocrx_word' id='word_1_182' title='bbox 293 1389 327 1456; x_wconf 79' lang='lat' dir='ltr'>dt</span> <span class='ocrx_word' id='word_1_183' title='bbox 352 1383 557 1452; x_wconf 82' lang='lat' dir='ltr'>obstinatione</span> <span class='ocrx_word' id='word_1_184' title='bbox 581 1384 761 1468; x_wconf 83' lang='lat' dir='ltr'>cornmilla,</span> <span class='ocrx_word' id='word_1_185' title='bbox 788 1385 922 1448; x_wconf 81' lang='lat' dir='ltr'>venialia</span> <span class='ocrx_word' id='word_1_186' title='bbox 957 1385 999 1448; x_wconf 86' lang='lat' dir='ltr'>ell</span> <span class='ocrx_word' id='word_1_187' title='bbox 1033 1388 1169 1466; x_wconf 80' lang='lat' dir='ltr'>graviter</span> <span class='ocrx_word' id='word_1_188' title='bbox 1195 1384 1355 1464; x_wconf 87' lang='lat' dir='ltr'>peccalle;</span> <span class='ocrx_word' id='word_1_189' title='bbox 1385 1382 1430 1446; x_wconf 84' lang='lat' dir='ltr'>fin</span> <span class='ocrx_word' id='word_1_190' title='bbox 1453 1386 1553 1446; x_wconf 83' lang='lat' dir='ltr'>minus</span> <span class='ocrx_word' id='word_1_191' title='bbox 1583 1383 1715 1449; x_wconf 87' lang='lat' dir='ltr'>leviter.</span> 
     </span>
     <span class='ocr_line' id='line_1_16' title="bbox 146 1459 1717 1544; baseline -0.006 -8"><span class='ocrx_word' id='word_1_192' title='bbox 146 1468 330 1542; x_wconf 74' lang='lat' dir='ltr'>non&#39;sunt3</span> <span class='ocrx_word' id='word_1_193' title='bbox 354 1467 513 1544; x_wconf 85' lang='lat' dir='ltr'>quianon</span> <span class='ocrx_word' id='word_1_194' title='bbox 539 1459 653 1525; x_wconf 87' lang='lat' dir='ltr'>habent</span> <span class='ocrx_word' id='word_1_195' title='bbox 675 1465 708 1524; x_wconf 90' lang='lat' dir='ltr'>in</span> <span class='ocrx_word' id='word_1_196' title='bbox 735 1463 766 1526; x_wconf 87' lang='lat' dir='ltr'>le</span> <span class='ocrx_word' id='word_1_197' title='bbox 787 1463 921 1528; x_wconf 81' lang='lat' dir='ltr'>caullam</span> <span class='ocrx_word' id='word_1_198' title='bbox 958 1465 1033 1528; x_wconf 89' lang='lat' dir='ltr'>ltem</span> <span class='ocrx_word' id='word_1_199' title='bbox 1058 1461 1078 1526; x_wconf 81' lang='lat' dir='ltr'>fi</span> <span class='ocrx_word' id='word_1_200' title='bbox 1101 1464 1175 1530; x_wconf 92' lang='lat' dir='ltr'>illud</span> <span class='ocrx_word' id='word_1_201' title='bbox 1202 1464 1280 1542; x_wconf 90' lang='lat' dir='ltr'>quod</span> <span class='ocrx_word' id='word_1_202' title='bbox 1306 1466 1501 1540; x_wconf 74' lang='lat' dir='ltr'>praecipitur,</span> <span class='ocrx_word' id='word_1_203' title='bbox 1527 1461 1576 1526; x_wconf 86' lang='lat' dir='ltr'>vel</span> <span class='ocrx_word' id='word_1_204' title='bbox 1597 1462 1717 1526; x_wconf 88' lang='lat' dir='ltr'>inhibe·</span> 
     </span>
     <span class='ocr_line' id='line_1_17' title="bbox 145 1538 1717 1623; baseline -0.008 -6"><span class='ocrx_word' id='word_1_205' title='bbox 145 1549 329 1619; x_wconf 67' lang='lat' dir='ltr'>obtinenda</span> <span class='ocrx_word' id='word_1_206' title='bbox 350 1547 469 1622; x_wconf 66' lang='lat' dir='ltr'>venia,</span> <span class='ocrx_word' id='word_1_207' title='bbox 497 1557 532 1604; x_wconf 90' lang='lat' dir='ltr'>ut</span> <span class='ocrx_word' id='word_1_208' title='bbox 553 1541 624 1604; x_wconf 78' lang='lat' dir='ltr'>alibi</span> <span class='ocrx_word' id='word_1_209' title='bbox 649 1539 676 1602; x_wconf 87' lang='lat' dir='ltr'>S.</span> <span class='ocrx_word' id='word_1_210' title='bbox 697 1539 734 1602; x_wconf 88' lang='lat' dir='ltr'>D.</span> <span class='ocrx_word' id='word_1_211' title='bbox 753 1558 782 1622; x_wconf 82' lang='lat'>3.</span> <span class='ocrx_word' id='word_1_212' title='bbox 805 1547 842 1608; x_wconf 81' lang='lat' dir='ltr'>In</span> <span class='ocrx_word' id='word_1_213' title='bbox 864 1554 922 1608; x_wconf 79' lang='lat' dir='ltr'>tolo</span> <span class='ocrx_word' id='word_1_214' title='bbox 957 1563 1008 1608; x_wconf 90' lang='lat' dir='ltr'>tur</span> <span class='ocrx_word' id='word_1_215' title='bbox 1024 1543 1062 1608; x_wconf 86' lang='lat' dir='ltr'>srt</span> <span class='ocrx_word' id='word_1_216' title='bbox 1078 1545 1207 1608; x_wconf 84' lang='lat' dir='ltr'>materia</span> <span class='ocrx_word' id='word_1_217' title='bbox 1223 1546 1342 1623; x_wconf 78' lang='lat' dir='ltr'>gravis,</span> <span class='ocrx_word' id='word_1_218' title='bbox 1360 1541 1433 1606; x_wconf 89' lang='lat' dir='ltr'>illud</span> <span class='ocrx_word' id='word_1_219' title='bbox 1449 1538 1547 1604; x_wconf 81' lang='lat' dir='ltr'>fatere</span> <span class='ocrx_word' id='word_1_220' title='bbox 1565 1540 1717 1605; x_wconf 85' lang='lat' dir='ltr'>velomit·</span> 
     </span>
     <span class='ocr_line' id='line_1_18' title="bbox 147 1618 1716 1706; baseline -0.007 -13"><span class='ocrx_word' id='word_1_221' title='bbox 147 1626 274 1706; x_wconf 78' lang='lat' dir='ltr'>veniale</span> <span class='ocrx_word' id='word_1_222' title='bbox 294 1627 405 1690; x_wconf 88' lang='lat' dir='ltr'>dicitur</span> <span class='ocrx_word' id='word_1_223' title='bbox 425 1641 465 1686; x_wconf 83' lang='lat' dir='ltr'>ex</span> <span class='ocrx_word' id='word_1_224' title='bbox 485 1639 523 1684; x_wconf 91' lang='lat' dir='ltr'>eo</span> <span class='ocrx_word' id='word_1_225' title='bbox 548 1620 626 1695; x_wconf 89' lang='lat' dir='ltr'>quod</span> <span class='ocrx_word' id='word_1_226' title='bbox 648 1640 709 1684; x_wconf 90' lang='lat' dir='ltr'>non</span> <span class='ocrx_word' id='word_1_227' title='bbox 731 1623 816 1686; x_wconf 90' lang='lat' dir='ltr'>tollit</span> <span class='ocrx_word' id='word_1_228' title='bbox 838 1625 920 1686; x_wconf 90' lang='lat' dir='ltr'>ordi·</span> <span class='ocrx_word' id='word_1_229' title='bbox 957 1642 1023 1690; x_wconf 89' lang='lat' dir='ltr'>tere</span> <span class='ocrx_word' id='word_1_230' title='bbox 1049 1621 1093 1688; x_wconf 87' lang='lat' dir='ltr'>ell</span> <span class='ocrx_word' id='word_1_231' title='bbox 1121 1641 1278 1702; x_wconf 86' lang='lat' dir='ltr'>peccatum</span> <span class='ocrx_word' id='word_1_232' title='bbox 1307 1618 1501 1700; x_wconf 77' lang='lat' dir='ltr'>mortale3sr</span> <span class='ocrx_word' id='word_1_233' title='bbox 1527 1623 1656 1691; x_wconf 79' lang='lat' dir='ltr'>materia</span> <span class='ocrx_word' id='word_1_234' title='bbox 1672 1622 1716 1683; x_wconf 90' lang='lat' dir='ltr'>le·</span> 
     </span>
    </p>
   </div>
   <div class='ocr_carea' id='block_1_3' title="bbox 145 1693 1841 1793">
    <p class='ocr_par' dir='ltr' id='par_1_3' title="bbox 145 1693 1841 1793">
     <span class='ocr_line' id='line_1_19' title="bbox 145 1693 1841 1793; baseline -0.005 -23"><span class='ocrx_word' id='word_1_235' title='bbox 145 1727 225 1770; x_wconf 84' lang='lat' dir='ltr'>oem</span> <span class='ocrx_word' id='word_1_236' title='bbox 243 1710 275 1793; x_wconf 78' lang='lat' dir='ltr'>ip</span> <span class='ocrx_word' id='word_1_237' title='bbox 292 1707 434 1770; x_wconf 87' lang='lat' dir='ltr'>ultimum</span> <span class='ocrx_word' id='word_1_238' title='bbox 458 1697 573 1776; x_wconf 80' lang='lat' dir='ltr'>linem,</span> <span class='ocrx_word' id='word_1_239' title='bbox 588 1699 664 1764; x_wconf 85' lang='lat' dir='ltr'>idest</span> <span class='ocrx_word' id='word_1_240' title='bbox 682 1693 749 1764; x_wconf 82' lang='lat' dir='ltr'>non&#39;</span> <span class='ocrx_word' id='word_1_241' title='bbox 763 1707 878 1766; x_wconf 72' lang='lat' dir='ltr'>averna</span> <span class='ocrx_word' id='word_1_242' title='bbox 901 1723 920 1766; x_wconf 89' lang='lat' dir='ltr'>a</span> <span class='ocrx_word' id='word_1_243' title='bbox 956 1709 1020 1780; x_wconf 84' lang='lat' dir='ltr'>vis,</span> <span class='ocrx_word' id='word_1_244' title='bbox 1036 1721 1160 1770; x_wconf 87' lang='lat' dir='ltr'>tantum</span> <span class='ocrx_word' id='word_1_245' title='bbox 1177 1703 1317 1778; x_wconf 85' lang='lat' dir='ltr'>veniale;</span> <span class='ocrx_word' id='word_1_246' title='bbox 1333 1703 1407 1779; x_wconf 92' lang='lat' dir='ltr'>quia</span> <span class='ocrx_word' id='word_1_247' title='bbox 1422 1697 1586 1764; x_wconf 76' lang='lat' dir='ltr'>censendus</span> <span class='ocrx_word' id='word_1_248' title='bbox 1602 1699 1644 1762; x_wconf 88' lang='lat' dir='ltr'>ell</span> <span class='ocrx_word' id='word_1_249' title='bbox 1656 1703 1716 1768; x_wconf 78' lang='lat' dir='ltr'>Le·</span> <span class='ocrx_word' id='word_1_250' title='bbox 1837 1741 1841 1750; x_wconf 71' lang='grc'><em>.</em></span> 
     </span>
    </p>
   </div>
   <div class='ocr_carea' id='block_1_4' title="bbox 133 1776 1718 3144">
    <p class='ocr_par' dir='ltr' id='par_1_4' title="bbox 133 1776 1718 3144">
     <span class='ocr_line' id='line_1_20' title="bbox 144 1776 1716 1871; baseline -0.004 -21"><span class='ocrx_word' id='word_1_251' title='bbox 144 1787 304 1871; x_wconf 70' lang='lat' dir='ltr'>charitate</span> <span class='ocrx_word' id='word_1_252' title='bbox 324 1783 405 1860; x_wconf 87' lang='lat' dir='ltr'>Dei,</span> <span class='ocrx_word' id='word_1_253' title='bbox 427 1779 463 1846; x_wconf 81' lang='lat' dir='ltr'>dt</span> <span class='ocrx_word' id='word_1_254' title='bbox 484 1776 522 1842; x_wconf 75' lang='lat' dir='ltr'>stc</span> <span class='ocrx_word' id='word_1_255' title='bbox 543 1798 608 1842; x_wconf 90' lang='lat' dir='ltr'>nou</span> <span class='ocrx_word' id='word_1_256' title='bbox 634 1799 772 1846; x_wconf 87' lang='lat' dir='ltr'>meretur</span> <span class='ocrx_word' id='word_1_257' title='bbox 796 1801 920 1860; x_wconf 85' lang='lat' dir='ltr'>poenam</span> <span class='ocrx_word' id='word_1_258' title='bbox 955 1785 1080 1862; x_wconf 73' lang='lat' dir='ltr'>gislaror</span> <span class='ocrx_word' id='word_1_259' title='bbox 1103 1783 1218 1848; x_wconf 88' lang='lat' dir='ltr'>nonnili</span> <span class='ocrx_word' id='word_1_260' title='bbox 1248 1786 1335 1846; x_wconf 88' lang='lat' dir='ltr'>iuxta</span> <span class='ocrx_word' id='word_1_261' title='bbox 1361 1781 1499 1846; x_wconf 79' lang='lat' dir='ltr'>materia:</span> <span class='ocrx_word' id='word_1_262' title='bbox 1525 1781 1716 1858; x_wconf 79' lang='lat' dir='ltr'>gravitatem</span> 
     </span>
     <span class='ocr_line' id='line_1_21' title="bbox 144 1857 1717 1945; baseline -0.002 -18"><span class='ocrx_word' id='word_1_263' title='bbox 144 1885 321 1945; x_wconf 69' lang='lat' dir='ltr'>aternam,</span> <span class='ocrx_word' id='word_1_264' title='bbox 347 1859 398 1924; x_wconf 87' lang='lat' dir='ltr'>led</span> <span class='ocrx_word' id='word_1_265' title='bbox 421 1859 646 1936; x_wconf 66' lang='lat' dir='ltr'>temporalemc</span> <span class='ocrx_word' id='word_1_266' title='bbox 666 1859 700 1925; x_wconf 82' lang='lat' dir='ltr'>dt</span> <span class='ocrx_word' id='word_1_267' title='bbox 722 1864 753 1923; x_wconf 92' lang='lat' dir='ltr'>in</span> <span class='ocrx_word' id='word_1_268' title='bbox 779 1861 835 1926; x_wconf 89' lang='lat' dir='ltr'>hoc</span> <span class='ocrx_word' id='word_1_269' title='bbox 855 1879 919 1925; x_wconf 89' lang='lat' dir='ltr'>ter·</span> <span class='ocrx_word' id='word_1_270' title='bbox 956 1863 1083 1927; x_wconf 86' lang='lat' dir='ltr'>voluille</span> <span class='ocrx_word' id='word_1_271' title='bbox 1110 1861 1262 1941; x_wconf 82' lang='lat' dir='ltr'>obligare.</span> <span class='ocrx_word' id='word_1_272' title='bbox 1292 1857 1381 1922; x_wconf 86' lang='lat' dir='ltr'>Unde</span> <span class='ocrx_word' id='word_1_273' title='bbox 1406 1857 1526 1936; x_wconf 90' lang='lat' dir='ltr'>quando</span> <span class='ocrx_word' id='word_1_274' title='bbox 1558 1857 1717 1934; x_wconf 75' lang='lat' dir='ltr'>Scriptura</span> 
     </span>
     <span class='ocr_line' id='line_1_22' title="bbox 146 1939 1718 2020; baseline -0.003 -13"><span class='ocrx_word' id='word_1_275' title='bbox 146 1945 198 2007; x_wconf 84' lang='lat' dir='ltr'>cio</span> <span class='ocrx_word' id='word_1_276' title='bbox 221 1939 307 2019; x_wconf 77' lang='lat' dir='ltr'>sensu</span> <span class='ocrx_word' id='word_1_277' title='bbox 337 1954 460 2016; x_wconf 81' lang='lat' dir='ltr'>peccata</span> <span class='ocrx_word' id='word_1_278' title='bbox 478 1957 545 2015; x_wconf 81' lang='lat' dir='ltr'>quae</span> <span class='ocrx_word' id='word_1_279' title='bbox 564 1958 655 2016; x_wconf 86' lang='lat' dir='ltr'>vere,</span> <span class='ocrx_word' id='word_1_280' title='bbox 676 1959 712 2004; x_wconf 86' lang='lat' dir='ltr'>ac</span> <span class='ocrx_word' id='word_1_281' title='bbox 732 1945 850 2017; x_wconf 70' lang='lat' dir='ltr'>proprie</span> <span class='ocrx_word' id='word_1_282' title='bbox 865 1961 919 2006; x_wconf 80' lang='lat' dir='ltr'>re·</span> <span class='ocrx_word' id='word_1_283' title='bbox 953 1941 1080 2009; x_wconf 83' lang='lat' dir='ltr'>darnnat</span> <span class='ocrx_word' id='word_1_284' title='bbox 1106 1944 1245 2020; x_wconf 79' lang='lat' dir='ltr'>quaedam</span> <span class='ocrx_word' id='word_1_285' title='bbox 1274 1956 1397 2018; x_wconf 84' lang='lat' dir='ltr'>peccata</span> <span class='ocrx_word' id='word_1_286' title='bbox 1426 1955 1582 2014; x_wconf 85' lang='lat' dir='ltr'>tamqnam</span> <span class='ocrx_word' id='word_1_287' title='bbox 1602 1955 1718 2002; x_wconf 91' lang='lat' dir='ltr'>morta·</span> 
     </span>
     <span class='ocr_line' id='line_1_23' title="bbox 145 2015 1715 2109; baseline -0.002 -25"><span class='ocrx_word' id='word_1_288' title='bbox 145 2021 245 2086; x_wconf 85' lang='lat' dir='ltr'>nialla</span> <span class='ocrx_word' id='word_1_289' title='bbox 265 2021 426 2098; x_wconf 75' lang='lat' dir='ltr'>dicunctur,</span> <span class='ocrx_word' id='word_1_290' title='bbox 450 2019 487 2086; x_wconf 91' lang='lat' dir='ltr'>ab</span> <span class='ocrx_word' id='word_1_291' title='bbox 509 2018 577 2086; x_wconf 76' lang='lat' dir='ltr'>aliie</span> <span class='ocrx_word' id='word_1_292' title='bbox 596 2023 729 2096; x_wconf 80' lang='lat' dir='ltr'>peccatis</span> <span class='ocrx_word' id='word_1_293' title='bbox 748 2015 918 2102; x_wconf 84' lang='lat' dir='ltr'>differunt,</span> <span class='ocrx_word' id='word_1_294' title='bbox 956 2022 1016 2101; x_wconf 90' lang='lat' dir='ltr'>lia,</span> <span class='ocrx_word' id='word_1_295' title='bbox 1035 2044 1095 2088; x_wconf 92' lang='lat' dir='ltr'>non</span> <span class='ocrx_word' id='word_1_296' title='bbox 1114 2023 1244 2086; x_wconf 67' lang='lat' dir='ltr'>intendit</span> <span class='ocrx_word' id='word_1_297' title='bbox 1266 2036 1445 2096; x_wconf 87' lang='lat' dir='ltr'>propterea,</span> <span class='ocrx_word' id='word_1_298' title='bbox 1466 2035 1528 2080; x_wconf 91' lang='lat' dir='ltr'>non</span> <span class='ocrx_word' id='word_1_299' title='bbox 1545 2015 1626 2109; x_wconf 85' lang='lat' dir='ltr'>polle</span> <span class='ocrx_word' id='word_1_300' title='bbox 1645 2015 1715 2082; x_wconf 84' lang='lat' dir='ltr'>lieri</span> 
     </span>
     <span class='ocr_line' id='line_1_24' title="bbox 141 2095 1716 2178; baseline -0.003 -13"><span class='ocrx_word' id='word_1_301' title='bbox 141 2122 218 2178; x_wconf 79' lang='lat' dir='ltr'>quae</span> <span class='ocrx_word' id='word_1_302' title='bbox 241 2101 387 2168; x_wconf 85' lang='lat' dir='ltr'>dicuntur</span> <span class='ocrx_word' id='word_1_303' title='bbox 409 2099 567 2162; x_wconf 85' lang='lat' dir='ltr'>mortalia.</span> <span class='ocrx_word' id='word_1_304' title='bbox 955 2104 1091 2168; x_wconf 78' lang='lat' dir='ltr'>venialia</span> <span class='ocrx_word' id='word_1_305' title='bbox 1112 2099 1230 2165; x_wconf 72' lang='lat' dir='ltr'>defellu</span> <span class='ocrx_word' id='word_1_306' title='bbox 1261 2097 1438 2163; x_wconf 82' lang='lat' dir='ltr'>sufficientis</span> <span class='ocrx_word' id='word_1_307' title='bbox 1464 2113 1622 2160; x_wconf 70' lang='lat' dir='ltr'>materie.</span> <span class='ocrx_word' id='word_1_308' title='bbox 1650 2095 1716 2162; x_wconf 88' lang='lat' dir='ltr'>Ne·</span> 
     </span>
     <span class='ocr_line' id='line_1_25' title="bbox 194 2173 1715 2258; baseline 0.001 -18"><span class='ocrx_word' id='word_1_309' title='bbox 194 2177 376 2258; x_wconf 81' lang='lat' dir='ltr'>Tripliciter</span> <span class='ocrx_word' id='word_1_310' title='bbox 397 2191 504 2241; x_wconf 83' lang='lat' dir='ltr'>autern</span> <span class='ocrx_word' id='word_1_311' title='bbox 522 2195 679 2252; x_wconf 85' lang='lat' dir='ltr'>peccatum</span> <span class='ocrx_word' id='word_1_312' title='bbox 706 2177 830 2255; x_wconf 75' lang='lat' dir='ltr'>aliquod</span> <span class='ocrx_word' id='word_1_313' title='bbox 852 2197 917 2258; x_wconf 89' lang='lat' dir='ltr'>pot·</span> <span class='ocrx_word' id='word_1_314' title='bbox 953 2203 1005 2245; x_wconf 92' lang='lat' dir='ltr'>mo</span> <span class='ocrx_word' id='word_1_315' title='bbox 1025 2185 1106 2246; x_wconf 88' lang='lat' dir='ltr'>enirn</span> <span class='ocrx_word' id='word_1_316' title='bbox 1133 2182 1215 2245; x_wconf 87' lang='lat' dir='ltr'>dicet</span> <span class='ocrx_word' id='word_1_317' title='bbox 1240 2177 1358 2244; x_wconf 87' lang='lat' dir='ltr'>furtum</span> <span class='ocrx_word' id='word_1_318' title='bbox 1381 2175 1459 2254; x_wconf 92' lang='lat' dir='ltr'>quod</span> <span class='ocrx_word' id='word_1_319' title='bbox 1474 2195 1515 2240; x_wconf 82' lang='lat' dir='ltr'>ex</span> <span class='ocrx_word' id='word_1_320' title='bbox 1553 2173 1715 2242; x_wconf 86' lang='lat' dir='ltr'>eneresuo</span> 
     </span>
     <span class='ocr_line' id='line_1_26' title="bbox 142 2195 1716 2340; baseline -0.001 -18"><span class='ocrx_word' id='word_1_321' title='bbox 142 2257 196 2322; x_wconf 76' lang='lat' dir='ltr'>cll</span> <span class='ocrx_word' id='word_1_322' title='bbox 212 2261 273 2322; x_wconf 90' lang='lat' dir='ltr'>elle</span> <span class='ocrx_word' id='word_1_323' title='bbox 291 2258 414 2322; x_wconf 85' lang='lat' dir='ltr'>veniale</span> <span class='ocrx_word' id='word_1_324' title='bbox 435 2262 467 2320; x_wconf 90' lang='lat' dir='ltr'>in</span> <span class='ocrx_word' id='word_1_325' title='bbox 491 2259 589 2320; x_wconf 89' lang='lat' dir='ltr'>tertio</span> <span class='ocrx_word' id='word_1_326' title='bbox 608 2257 686 2322; x_wconf 80' lang='lat' dir='ltr'>didio</span> <span class='ocrx_word' id='word_1_327' title='bbox 706 2257 807 2324; x_wconf 86' lang='lat' dir='ltr'>lenlu.</span> <span class='ocrx_word' id='word_1_328' title='bbox 829 2279 857 2326; x_wconf 84' lang='lat' dir='ltr'>r.</span> <span class='ocrx_word' id='word_1_329' title='bbox 877 2281 917 2326; x_wconf 89' lang='lat' dir='ltr'>ex</span> <span class='ocrx_word' id='word_1_330' title='bbox 953 2259 1168 2340; x_wconf 71' lang='lat' dir='ltr'>alimoniale,</span> <span class='ocrx_word' id='word_1_331' title='bbox 1190 2279 1348 2324; x_wconf 87' lang='lat' dir='ltr'>remanere</span> <span class='ocrx_word' id='word_1_332' title='bbox 1363 2256 1514 2335; x_wconf 83' lang='lat' dir='ltr'>mortale,</span> <span class='ocrx_word' id='word_1_333' title='bbox 1534 2195 1559 2318; x_wconf 54' lang='grc' dir='ltr'>ᾗ</span> <span class='ocrx_word' id='word_1_334' title='bbox 1580 2251 1618 2322; x_wconf 83' lang='lat' dir='ltr'>stt</span> <span class='ocrx_word' id='word_1_335' title='bbox 1643 2273 1716 2326; x_wconf 80' lang='lat' dir='ltr'>ten·</span> 
     </span>
     <span class='ocr_line' id='line_1_27' title="bbox 143 2333 1410 2420; baseline -0.002 -19"><span class='ocrx_word' id='word_1_336' title='bbox 143 2357 265 2417; x_wconf 75' lang='lat' dir='ltr'>genere</span> <span class='ocrx_word' id='word_1_337' title='bbox 293 2333 368 2418; x_wconf 83' lang='lat' dir='ltr'>lu03</span> <span class='ocrx_word' id='word_1_338' title='bbox 394 2339 466 2413; x_wconf 91' lang='lat' dir='ltr'>quia</span> <span class='ocrx_word' id='word_1_339' title='bbox 494 2351 773 2414; x_wconf 85' lang='lat' dir='ltr'>quantumcumque</span> <span class='ocrx_word' id='word_1_340' title='bbox 803 2339 917 2410; x_wconf 76' lang='lat' dir='ltr'>crescat</span> <span class='ocrx_word' id='word_1_341' title='bbox 954 2357 1021 2406; x_wconf 87' lang='lat' dir='ltr'>tum</span> <span class='ocrx_word' id='word_1_342' title='bbox 1043 2361 1209 2420; x_wconf 86' lang='lat' dir='ltr'>paucorum</span> <span class='ocrx_word' id='word_1_343' title='bbox 1231 2337 1410 2404; x_wconf 90' lang='lat' dir='ltr'>solidorum.</span> 
     </span>
     <span class='ocr_line' id='line_1_28' title="bbox 139 2414 1718 2494; baseline -0.001 -12"><span class='ocrx_word' id='word_1_344' title='bbox 139 2421 233 2482; x_wconf 88' lang='lat' dir='ltr'>circa</span> <span class='ocrx_word' id='word_1_345' title='bbox 254 2419 404 2494; x_wconf 83' lang='lat' dir='ltr'>propriam</span> <span class='ocrx_word' id='word_1_346' title='bbox 422 2419 585 2480; x_wconf 84' lang='lat' dir='ltr'>materiam</span> <span class='ocrx_word' id='word_1_347' title='bbox 603 2415 637 2480; x_wconf 82' lang='lat' dir='ltr'>dt</span> <span class='ocrx_word' id='word_1_348' title='bbox 658 2417 826 2494; x_wconf 80' lang='lat' dir='ltr'>obiedlum,</span> <span class='ocrx_word' id='word_1_349' title='bbox 856 2443 917 2484; x_wconf 88' lang='lat' dir='ltr'>non</span> <span class='ocrx_word' id='word_1_350' title='bbox 995 2421 1080 2486; x_wconf 81' lang='lat' dir='ltr'>Nota</span> <span class='ocrx_word' id='word_1_351' title='bbox 1099 2440 1128 2482; x_wconf 85' lang='lat' dir='ltr'>a.</span> <span class='ocrx_word' id='word_1_352' title='bbox 1154 2421 1291 2485; x_wconf 71' lang='lat' dir='ltr'>materia</span> <span class='ocrx_word' id='word_1_353' title='bbox 1314 2417 1480 2482; x_wconf 87' lang='lat' dir='ltr'>levitatem</span> <span class='ocrx_word' id='word_1_354' title='bbox 1498 2431 1562 2480; x_wconf 89' lang='lat' dir='ltr'>non</span> <span class='ocrx_word' id='word_1_355' title='bbox 1586 2414 1646 2482; x_wconf 89' lang='lat' dir='ltr'>elle</span> <span class='ocrx_word' id='word_1_356' title='bbox 1666 2417 1718 2482; x_wconf 88' lang='lat' dir='ltr'>iu·</span> 
     </span>
     <span class='ocr_line' id='line_1_29' title="bbox 139 2494 1716 2580; baseline -0.001 -20"><span class='ocrx_word' id='word_1_357' title='bbox 139 2495 248 2574; x_wconf 86' lang='lat' dir='ltr'>potest</span> <span class='ocrx_word' id='word_1_358' title='bbox 276 2517 315 2560; x_wconf 80' lang='lat' dir='ltr'>ex</span> <span class='ocrx_word' id='word_1_359' title='bbox 343 2495 399 2560; x_wconf 87' lang='lat' dir='ltr'>illo</span> <span class='ocrx_word' id='word_1_360' title='bbox 417 2494 549 2574; x_wconf 86' lang='lat' dir='ltr'>habere,</span> <span class='ocrx_word' id='word_1_361' title='bbox 575 2497 658 2560; x_wconf 88' lang='lat' dir='ltr'>uude</span> <span class='ocrx_word' id='word_1_362' title='bbox 685 2497 739 2561; x_wconf 80' lang='lat' dir='ltr'>liat</span> <span class='ocrx_word' id='word_1_363' title='bbox 767 2501 917 2576; x_wconf 77' lang='lat' dir='ltr'>mortale,</span> <span class='ocrx_word' id='word_1_364' title='bbox 953 2501 1114 2567; x_wconf 86' lang='lat' dir='ltr'>dicandam</span> <span class='ocrx_word' id='word_1_365' title='bbox 1134 2519 1172 2561; x_wconf 80' lang='lat' dir='ltr'>ex</span> <span class='ocrx_word' id='word_1_366' title='bbox 1193 2499 1420 2580; x_wconf 85' lang='lat' dir='ltr'>comparatione</span> <span class='ocrx_word' id='word_1_367' title='bbox 1438 2495 1474 2560; x_wconf 87' lang='lat' dir='ltr'>ad</span> <span class='ocrx_word' id='word_1_368' title='bbox 1490 2495 1648 2558; x_wconf 84' lang='lat' dir='ltr'>materiam</span> <span class='ocrx_word' id='word_1_369' title='bbox 1667 2511 1716 2559; x_wconf 90' lang='lat' dir='ltr'>to·</span> 
     </span>
     <span class='ocr_line' id='line_1_30' title="bbox 139 2568 1715 2654; baseline 0.001 -16"><span class='ocrx_word' id='word_1_370' title='bbox 139 2573 205 2638; x_wconf 83' lang='lat' dir='ltr'>nisi</span> <span class='ocrx_word' id='word_1_371' title='bbox 234 2573 275 2640; x_wconf 88' lang='lat' dir='ltr'>ad</span> <span class='ocrx_word' id='word_1_372' title='bbox 298 2574 393 2640; x_wconf 84' lang='lat' dir='ltr'>aliam</span> <span class='ocrx_word' id='word_1_373' title='bbox 417 2568 550 2647; x_wconf 77' lang='lat' dir='ltr'>lpecieru</span> <span class='ocrx_word' id='word_1_374' title='bbox 577 2574 732 2650; x_wconf 85' lang='lat' dir='ltr'>ttarrseat,</span> <span class='ocrx_word' id='word_1_375' title='bbox 760 2575 834 2642; x_wconf 85' lang='lat' dir='ltr'>idest</span> <span class='ocrx_word' id='word_1_376' title='bbox 862 2579 916 2642; x_wconf 87' lang='lat' dir='ltr'>nisr</span> <span class='ocrx_word' id='word_1_377' title='bbox 953 2583 1070 2646; x_wconf 87' lang='lat' dir='ltr'>talem:</span> <span class='ocrx_word' id='word_1_378' title='bbox 1092 2578 1158 2644; x_wconf 84' lang='lat' dir='ltr'>steri</span> <span class='ocrx_word' id='word_1_379' title='bbox 1180 2582 1262 2642; x_wconf 88' lang='lat' dir='ltr'>enim</span> <span class='ocrx_word' id='word_1_380' title='bbox 1279 2577 1447 2654; x_wconf 85' lang='lat' dir='ltr'>potell,ut</span> <span class='ocrx_word' id='word_1_381' title='bbox 1463 2573 1575 2650; x_wconf 88' lang='lat' dir='ltr'>aliquid</span> <span class='ocrx_word' id='word_1_382' title='bbox 1592 2573 1715 2640; x_wconf 79' lang='lat' dir='ltr'>siccen-</span> 
     </span>
     <span class='ocr_line' id='line_1_31' title="bbox 138 2651 1716 2742; baseline 0.001 -24"><span class='ocrx_word' id='word_1_383' title='bbox 138 2657 286 2742; x_wconf 67' lang='lat' dir='ltr'>gravitas</span> <span class='ocrx_word' id='word_1_384' title='bbox 317 2653 354 2718; x_wconf 88' lang='lat' dir='ltr'>ab</span> <span class='ocrx_word' id='word_1_385' title='bbox 381 2651 556 2718; x_wconf 84' lang='lat' dir='ltr'>extrinseco</span> <span class='ocrx_word' id='word_1_386' title='bbox 585 2655 792 2719; x_wconf 87' lang='lat' dir='ltr'>mendicetur.</span> <span class='ocrx_word' id='word_1_387' title='bbox 824 2657 917 2723; x_wconf 87' lang='lat' dir='ltr'>Talia</span> <span class='ocrx_word' id='word_1_388' title='bbox 955 2659 1061 2725; x_wconf 78' lang='lat' dir='ltr'>resima</span> <span class='ocrx_word' id='word_1_389' title='bbox 1088 2679 1156 2737; x_wconf 83' lang='lat' dir='ltr'>part</span> <span class='ocrx_word' id='word_1_390' title='bbox 1185 2659 1326 2730; x_wconf 64' lang='lat' dir='ltr'>materia</span> <span class='ocrx_word' id='word_1_391' title='bbox 1355 2657 1483 2731; x_wconf 79' lang='lat' dir='ltr'>totalis,</span> <span class='ocrx_word' id='word_1_392' title='bbox 1505 2653 1539 2718; x_wconf 90' lang='lat'>&amp;</span> <span class='ocrx_word' id='word_1_393' title='bbox 1559 2653 1654 2719; x_wconf 84' lang='lat' dir='ltr'>adhuc</span> <span class='ocrx_word' id='word_1_394' title='bbox 1675 2652 1716 2720; x_wconf 82' lang='lat' dir='ltr'>stt</span> 
     </span>
     <span class='ocr_line' id='line_1_32' title="bbox 140 2731 1712 2816; baseline -0.004 -14"><span class='ocrx_word' id='word_1_395' title='bbox 140 2739 221 2802; x_wconf 83' lang='lat' dir='ltr'>lunt</span> <span class='ocrx_word' id='word_1_396' title='bbox 237 2732 337 2800; x_wconf 87' lang='lat' dir='ltr'>iocola</span> <span class='ocrx_word' id='word_1_397' title='bbox 357 2737 538 2809; x_wconf 82' lang='lat' dir='ltr'>mendacia,</span> <span class='ocrx_word' id='word_1_398' title='bbox 558 2731 688 2796; x_wconf 87' lang='lat' dir='ltr'>verbum</span> <span class='ocrx_word' id='word_1_399' title='bbox 706 2735 861 2813; x_wconf 84' lang='lat' dir='ltr'>otiolum,</span> <span class='ocrx_word' id='word_1_400' title='bbox 884 2736 917 2803; x_wconf 83' lang='lat' dir='ltr'>dt</span> <span class='ocrx_word' id='word_1_401' title='bbox 954 2736 1035 2814; x_wconf 79' lang='lat' dir='ltr'>inse</span> <span class='ocrx_word' id='word_1_402' title='bbox 1059 2739 1190 2802; x_wconf 82' lang='lat' dir='ltr'>materia</span> <span class='ocrx_word' id='word_1_403' title='bbox 1214 2739 1339 2816; x_wconf 81' lang='lat' dir='ltr'>gravis,</span> <span class='ocrx_word' id='word_1_404' title='bbox 1361 2753 1396 2800; x_wconf 89' lang='lat' dir='ltr'>ut</span> <span class='ocrx_word' id='word_1_405' title='bbox 1416 2749 1503 2811; x_wconf 89' lang='lat' dir='ltr'>patet</span> <span class='ocrx_word' id='word_1_406' title='bbox 1525 2736 1556 2795; x_wconf 90' lang='lat' dir='ltr'>in</span> <span class='ocrx_word' id='word_1_407' title='bbox 1583 2753 1712 2798; x_wconf 90' lang='lat' dir='ltr'>nummo</span> 
     </span>
     <span class='ocr_line' id='line_1_33' title="bbox 139 2810 1716 2894; baseline 0 -18"><span class='ocrx_word' id='word_1_408' title='bbox 139 2813 277 2891; x_wconf 76' lang='lat' dir='ltr'>fimilia,</span> <span class='ocrx_word' id='word_1_409' title='bbox 302 2831 372 2892; x_wconf 80' lang='lat' dir='ltr'>quae</span> <span class='ocrx_word' id='word_1_410' title='bbox 399 2811 421 2876; x_wconf 82' lang='lat' dir='ltr'>fi</span> <span class='ocrx_word' id='word_1_411' title='bbox 445 2811 563 2878; x_wconf 87' lang='lat' dir='ltr'>nullam</span> <span class='ocrx_word' id='word_1_412' title='bbox 591 2812 685 2876; x_wconf 84' lang='lat' dir='ltr'>aliam</span> <span class='ocrx_word' id='word_1_413' title='bbox 701 2811 837 2880; x_wconf 87' lang='lat' dir='ltr'>habeant</span> <span class='ocrx_word' id='word_1_414' title='bbox 866 2817 917 2881; x_wconf 90' lang='lat' dir='ltr'>ad·</span> <span class='ocrx_word' id='word_1_415' title='bbox 955 2836 1069 2894; x_wconf 90' lang='lat' dir='ltr'>aureo,</span> <span class='ocrx_word' id='word_1_416' title='bbox 1089 2818 1139 2894; x_wconf 91' lang='lat' dir='ltr'>qui</span> <span class='ocrx_word' id='word_1_417' title='bbox 1161 2815 1235 2880; x_wconf 87' lang='lat' dir='ltr'>litet</span> <span class='ocrx_word' id='word_1_418' title='bbox 1253 2813 1293 2879; x_wconf 79' lang='lat' dir='ltr'>sit</span> <span class='ocrx_word' id='word_1_419' title='bbox 1316 2831 1440 2878; x_wconf 84' lang='lat' dir='ltr'>tanturn</span> <span class='ocrx_word' id='word_1_420' title='bbox 1459 2810 1623 2876; x_wconf 80' lang='lat' dir='ltr'>centesima</span> <span class='ocrx_word' id='word_1_421' title='bbox 1644 2831 1716 2894; x_wconf 81' lang='lat' dir='ltr'>para</span> 
     </span>
     <span class='ocr_line' id='line_1_34' title="bbox 137 2890 1716 2972; baseline -0.003 -14"><span class='ocrx_word' id='word_1_422' title='bbox 137 2895 280 2958; x_wconf 74' lang='lat' dir='ltr'>mixtam</span> <span class='ocrx_word' id='word_1_423' title='bbox 310 2893 438 2969; x_wconf 81' lang='lat' dir='ltr'>l&#39;peciem</span> <span class='ocrx_word' id='word_1_424' title='bbox 471 2891 616 2970; x_wconf 76' lang='lat' dir='ltr'>malitiae,</span> <span class='ocrx_word' id='word_1_425' title='bbox 649 2892 782 2957; x_wconf 85' lang='lat' dir='ltr'>venialia</span> <span class='ocrx_word' id='word_1_426' title='bbox 804 2891 918 2971; x_wconf 79' lang='lat' dir='ltr'>semper</span> <span class='ocrx_word' id='word_1_427' title='bbox 953 2915 1075 2964; x_wconf 89' lang='lat' dir='ltr'>centurn</span> <span class='ocrx_word' id='word_1_428' title='bbox 1096 2913 1256 2959; x_wconf 86' lang='lat' dir='ltr'>aureorum</span> <span class='ocrx_word' id='word_1_429' title='bbox 1272 2940 1280 2971; x_wconf 88' lang='lat'>,</span> <span class='ocrx_word' id='word_1_430' title='bbox 1297 2895 1348 2970; x_wconf 90' lang='lat' dir='ltr'>qui</span> <span class='ocrx_word' id='word_1_431' title='bbox 1366 2911 1405 2957; x_wconf 92' lang='lat' dir='ltr'>ne</span> <span class='ocrx_word' id='word_1_432' title='bbox 1427 2890 1548 2972; x_wconf 88' lang='lat' dir='ltr'>quidem</span> <span class='ocrx_word' id='word_1_433' title='bbox 1563 2891 1633 2954; x_wconf 86' lang='lat' dir='ltr'>l&#39;unt</span> <span class='ocrx_word' id='word_1_434' title='bbox 1649 2911 1716 2954; x_wconf 90' lang='lat' dir='ltr'>ma·</span> 
     </span>
     <span class='ocr_line' id='line_1_35' title="bbox 137 2967 1716 3054; baseline -0.003 -18"><span class='ocrx_word' id='word_1_435' title='bbox 137 2989 334 3038; x_wconf 73' lang='lat' dir='ltr'>remanent.</span> <span class='ocrx_word' id='word_1_436' title='bbox 359 2969 406 3035; x_wconf 82' lang='lat' dir='ltr'>Ex</span> <span class='ocrx_word' id='word_1_437' title='bbox 430 2993 456 3038; x_wconf 91' lang='lat' dir='ltr'>o</span> <span class='ocrx_word' id='word_1_438' title='bbox 477 2967 573 3048; x_wconf 78' lang='lat' dir='ltr'>posito</span> <span class='ocrx_word' id='word_1_439' title='bbox 602 2989 706 3036; x_wconf 88' lang='lat' dir='ltr'>tamen</span> <span class='ocrx_word' id='word_1_440' title='bbox 731 2974 863 3040; x_wconf 87' lang='lat' dir='ltr'>mortale</span> <span class='ocrx_word' id='word_1_441' title='bbox 878 2995 918 3041; x_wconf 84' lang='lat' dir='ltr'>ex</span> <span class='ocrx_word' id='word_1_442' title='bbox 951 2979 1033 3046; x_wconf 79' lang='lat' dir='ltr'>¹teria</span> <span class='ocrx_word' id='word_1_443' title='bbox 1051 2973 1158 3044; x_wconf 81' lang='lat' dir='ltr'>totalis</span> <span class='ocrx_word' id='word_1_444' title='bbox 1178 2971 1254 3040; x_wconf 86' lang='lat' dir='ltr'>lurti</span> <span class='ocrx_word' id='word_1_445' title='bbox 1265 3020 1276 3054; x_wconf 95' lang='lat'>,</span> <span class='ocrx_word' id='word_1_446' title='bbox 1290 2994 1360 3037; x_wconf 92' lang='lat' dir='ltr'>tum</span> <span class='ocrx_word' id='word_1_447' title='bbox 1381 2969 1446 3038; x_wconf 81' lang='lat' dir='ltr'>baec</span> <span class='ocrx_word' id='word_1_448' title='bbox 1462 2967 1551 3047; x_wconf 75' lang='lat' dir='ltr'>polit</span> <span class='ocrx_word' id='word_1_449' title='bbox 1569 2968 1631 3033; x_wconf 87' lang='lat' dir='ltr'>elie</span> <span class='ocrx_word' id='word_1_450' title='bbox 1646 2971 1716 3034; x_wconf 86' lang='lat' dir='ltr'>mil·</span> 
     </span>
     <span class='ocr_line' id='line_1_36' title="bbox 133 2993 1715 3144; baseline -0.001 -28"><span class='ocrx_word' id='word_1_451' title='bbox 133 3067 260 3144; x_wconf 73' lang='lat' dir='ltr'>genere</span> <span class='ocrx_word' id='word_1_452' title='bbox 286 3045 341 3116; x_wconf 91' lang='lat' dir='ltr'>luo</span> <span class='ocrx_word' id='word_1_453' title='bbox 361 3047 405 3120; x_wconf 82' lang='lat' dir='ltr'>eil</span> <span class='ocrx_word' id='word_1_454' title='bbox 430 2993 526 3128; x_wconf 53' lang='lat' dir='ltr'>ilfird,</span> <span class='ocrx_word' id='word_1_455' title='bbox 541 3051 624 3126; x_wconf 88' lang='lat' dir='ltr'>quod</span> <span class='ocrx_word' id='word_1_456' title='bbox 646 3053 730 3116; x_wconf 88' lang='lat' dir='ltr'>intra</span> <span class='ocrx_word' id='word_1_457' title='bbox 751 3052 833 3122; x_wconf 85' lang='lat' dir='ltr'>luam</span> <span class='ocrx_word' id='word_1_458' title='bbox 850 3051 918 3132; x_wconf 81' lang='lat' dir='ltr'>spe·</span> <span class='ocrx_word' id='word_1_459' title='bbox 952 3047 1176 3132; x_wconf 56' lang='lat' dir='ltr'>lfflureorum,</span> <span class='ocrx_word' id='word_1_460' title='bbox 1197 3051 1232 3129; x_wconf 73' lang='lat' dir='ltr'>dt</span> <span class='ocrx_word' id='word_1_461' title='bbox 1254 3055 1384 3131; x_wconf 90' lang='lat' dir='ltr'>plurium</span> <span class='ocrx_word' id='word_1_462' title='bbox 1401 3053 1515 3130; x_wconf 72' lang='lat' dir='ltr'>etiam,</span> <span class='ocrx_word' id='word_1_463' title='bbox 1535 3065 1641 3113; x_wconf 89' lang='lat' dir='ltr'>tamen</span> <span class='ocrx_word' id='word_1_464' title='bbox 1668 3045 1715 3114; x_wconf 80' lang='lat' dir='ltr'>est</span> 
     </span>
    </p>
   </div>
   <div class='ocr_carea' id='block_1_5' title="bbox 136 3128 1858 3213">
    <p class='ocr_par' dir='ltr' id='par_1_5' title="bbox 136 3128 1858 3213">
     <span class='ocr_line' id='line_1_37' title="bbox 136 3128 1858 3213; baseline -0.003 -15"><span class='ocrx_word' id='word_1_465' title='bbox 136 3150 228 3198; x_wconf 77' lang='lat' dir='ltr'>ciem</span> <span class='ocrx_word' id='word_1_466' title='bbox 258 3129 428 3210; x_wconf 80' lang='lat' dir='ltr'>manendo,</span> <span class='ocrx_word' id='word_1_467' title='bbox 449 3129 485 3196; x_wconf 81' lang='lat' dir='ltr'>dt</span> <span class='ocrx_word' id='word_1_468' title='bbox 510 3129 752 3209; x_wconf 69' lang='lat' dir='ltr'>independenter</span> <span class='ocrx_word' id='word_1_469' title='bbox 777 3132 815 3198; x_wconf 88' lang='lat' dir='ltr'>ab</span> <span class='ocrx_word' id='word_1_470' title='bbox 835 3136 918 3213; x_wconf 85' lang='lat' dir='ltr'>alio,</span> <span class='ocrx_word' id='word_1_471' title='bbox 952 3137 1081 3201; x_wconf 87' lang='lat' dir='ltr'>materia</span> <span class='ocrx_word' id='word_1_472' title='bbox 1100 3131 1175 3199; x_wconf 82' lang='lat' dir='ltr'>furti</span> <span class='ocrx_word' id='word_1_473' title='bbox 1192 3132 1351 3198; x_wconf 80' lang='lat' dir='ltr'>mortalit.</span> <span class='ocrx_word' id='word_1_474' title='bbox 1379 3132 1485 3208; x_wconf 75' lang='lat' dir='ltr'>Quare</span> <span class='ocrx_word' id='word_1_475' title='bbox 1503 3130 1644 3193; x_wconf 75' lang='lat' dir='ltr'>materiae</span> <span class='ocrx_word' id='word_1_476' title='bbox 1670 3128 1715 3193; x_wconf 91' lang='lat' dir='ltr'>le·</span> <span class='ocrx_word' id='word_1_477' title='bbox 1825 3145 1858 3167; x_wconf 51' lang='lat'>2*</span> 
     </span>
    </p>
   </div>
   <div class='ocr_carea' id='block_1_6' title="bbox 122 3206 1801 4958">
    <p class='ocr_par' dir='ltr' id='par_1_6' title="bbox 122 3206 1801 4958">
     <span class='ocr_line' id='line_1_38' title="bbox 135 3206 1716 3294; baseline 0 -22"><span class='ocrx_word' id='word_1_478' title='bbox 135 3206 193 3272; x_wconf 80' lang='lat' dir='ltr'>est</span> <span class='ocrx_word' id='word_1_479' title='bbox 211 3209 282 3284; x_wconf 88' lang='lat' dir='ltr'>quid</span> <span class='ocrx_word' id='word_1_480' title='bbox 305 3229 420 3290; x_wconf 78' lang='lat' dir='ltr'>grove.</span> <span class='ocrx_word' id='word_1_481' title='bbox 441 3213 607 3274; x_wconf 82' lang='lat' dir='ltr'>Peccatum</span> <span class='ocrx_word' id='word_1_482' title='bbox 622 3209 744 3277; x_wconf 82' lang='lat' dir='ltr'>veniale</span> <span class='ocrx_word' id='word_1_483' title='bbox 763 3209 806 3276; x_wconf 85' lang='lat' dir='ltr'>est</span> <span class='ocrx_word' id='word_1_484' title='bbox 822 3229 851 3278; x_wconf 75' lang='lat' dir='ltr'>e.</span> <span class='ocrx_word' id='word_1_485' title='bbox 877 3235 918 3280; x_wconf 88' lang='lat' dir='ltr'>ex</span> <span class='ocrx_word' id='word_1_486' title='bbox 953 3220 1037 3281; x_wconf 81' lang='lat' dir='ltr'>vitat</span> <span class='ocrx_word' id='word_1_487' title='bbox 1059 3212 1223 3280; x_wconf 86' lang='lat' dir='ltr'>iudicanda</span> <span class='ocrx_word' id='word_1_488' title='bbox 1245 3211 1348 3278; x_wconf 87' lang='lat' dir='ltr'>estex</span> <span class='ocrx_word' id='word_1_489' title='bbox 1376 3231 1436 3290; x_wconf 88' lang='lat' dir='ltr'>eo,</span> <span class='ocrx_word' id='word_1_490' title='bbox 1465 3207 1542 3287; x_wconf 83' lang='lat' dir='ltr'>quod</span> <span class='ocrx_word' id='word_1_491' title='bbox 1564 3228 1625 3273; x_wconf 92' lang='lat' dir='ltr'>non</span> <span class='ocrx_word' id='word_1_492' title='bbox 1644 3227 1716 3294; x_wconf 82' lang='lat' dir='ltr'>con·</span> 
     </span>
     <span class='ocr_line' id='line_1_39' title="bbox 135 3285 1716 3378; baseline 0 -26"><span class='ocrx_word' id='word_1_493' title='bbox 135 3288 280 3355; x_wconf 87' lang='lat' dir='ltr'>levitate</span> <span class='ocrx_word' id='word_1_494' title='bbox 299 3295 439 3356; x_wconf 81' lang='lat' dir='ltr'>mareriae</span> <span class='ocrx_word' id='word_1_495' title='bbox 454 3339 462 3368; x_wconf 88' lang='lat'>,</span> <span class='ocrx_word' id='word_1_496' title='bbox 479 3309 548 3368; x_wconf 80' lang='lat' dir='ltr'>quar</span> <span class='ocrx_word' id='word_1_497' title='bbox 569 3287 717 3369; x_wconf 77' lang='lat' dir='ltr'>srmagna</span> <span class='ocrx_word' id='word_1_498' title='bbox 737 3290 831 3370; x_wconf 87' lang='lat' dir='ltr'>ellet,</span> <span class='ocrx_word' id='word_1_499' title='bbox 848 3311 918 3372; x_wconf 89' lang='lat' dir='ltr'>pec·</span> <span class='ocrx_word' id='word_1_500' title='bbox 952 3297 1046 3362; x_wconf 84' lang='lat' dir='ltr'>ducat</span> <span class='ocrx_word' id='word_1_501' title='bbox 1075 3295 1112 3359; x_wconf 87' lang='lat' dir='ltr'>ad</span> <span class='ocrx_word' id='word_1_502' title='bbox 1138 3291 1233 3356; x_wconf 85' lang='lat' dir='ltr'>finem</span> <span class='ocrx_word' id='word_1_503' title='bbox 1252 3293 1327 3372; x_wconf 74' lang='lat' dir='ltr'>legit</span> <span class='ocrx_word' id='word_1_504' title='bbox 1346 3309 1490 3372; x_wconf 76' lang='lat' dir='ltr'>gravem:</span> <span class='ocrx_word' id='word_1_505' title='bbox 1511 3288 1541 3351; x_wconf 85' lang='lat' dir='ltr'>Si</span> <span class='ocrx_word' id='word_1_506' title='bbox 1569 3290 1652 3378; x_wconf 77' lang='lat' dir='ltr'>enim</span> <span class='ocrx_word' id='word_1_507' title='bbox 1677 3285 1716 3354; x_wconf 89' lang='lat' dir='ltr'>ad</span> 
     </span>
     <span class='ocr_line' id='line_1_40' title="bbox 133 3365 1716 3450; baseline -0.001 -18"><span class='ocrx_word' id='word_1_508' title='bbox 133 3382 255 3432; x_wconf 84' lang='lat' dir='ltr'>catum</span> <span class='ocrx_word' id='word_1_509' title='bbox 281 3369 413 3432; x_wconf 84' lang='lat' dir='ltr'>mortale</span> <span class='ocrx_word' id='word_1_510' title='bbox 445 3367 557 3438; x_wconf 72' lang='lat' dir='ltr'>limet,-</span> <span class='ocrx_word' id='word_1_511' title='bbox 580 3369 646 3433; x_wconf 90' lang='lat' dir='ltr'>tale</span> <span class='ocrx_word' id='word_1_512' title='bbox 667 3365 712 3433; x_wconf 74' lang='lat' dir='ltr'>eil</span> <span class='ocrx_word' id='word_1_513' title='bbox 734 3369 852 3436; x_wconf 82' lang='lat' dir='ltr'>lurtum</span> <span class='ocrx_word' id='word_1_514' title='bbox 872 3376 916 3438; x_wconf 87' lang='lat' dir='ltr'>rei</span> <span class='ocrx_word' id='word_1_515' title='bbox 955 3377 1047 3439; x_wconf 86' lang='lat' dir='ltr'>talem</span> <span class='ocrx_word' id='word_1_516' title='bbox 1068 3373 1161 3439; x_wconf 83' lang='lat' dir='ltr'>finem</span> <span class='ocrx_word' id='word_1_517' title='bbox 1180 3369 1626 3450; x_wconf 85' lang='lat' dir='ltr'>conducat,s1veinterimlrt</span> <span class='ocrx_word' id='word_1_518' title='bbox 1645 3387 1716 3446; x_wconf 78' lang='lat' dir='ltr'>parc</span> 
     </span>
     <span class='ocr_line' id='line_1_41' title="bbox 133 3441 1801 3532; baseline -0.004 -17"><span class='ocrx_word' id='word_1_519' title='bbox 133 3449 286 3526; x_wconf 65' lang='lat' dir='ltr'>exigua.</span> <span class='ocrx_word' id='word_1_520' title='bbox 317 3461 345 3526; x_wconf 75' lang='lat'>3.</span> <span class='ocrx_word' id='word_1_521' title='bbox 371 3448 404 3512; x_wconf 88' lang='lat' dir='ltr'>in</span> <span class='ocrx_word' id='word_1_522' title='bbox 425 3449 556 3514; x_wconf 85' lang='lat' dir='ltr'>materia</span> <span class='ocrx_word' id='word_1_523' title='bbox 578 3445 616 3510; x_wconf 84' lang='lat' dir='ltr'>de</span> <span class='ocrx_word' id='word_1_524' title='bbox 636 3443 666 3510; x_wconf 83' lang='lat' dir='ltr'>se</span> <span class='ocrx_word' id='word_1_525' title='bbox 686 3447 834 3527; x_wconf 89' lang='lat' dir='ltr'>notabili,</span> <span class='ocrx_word' id='word_1_526' title='bbox 863 3471 918 3517; x_wconf 87' lang='lat' dir='ltr'>ve·</span> <span class='ocrx_word' id='word_1_527' title='bbox 954 3459 1071 3532; x_wconf 87' lang='lat' dir='ltr'>tertia,</span> <span class='ocrx_word' id='word_1_528' title='bbox 1093 3469 1292 3530; x_wconf 82' lang='lat' dir='ltr'>autquarta,</span> <span class='ocrx_word' id='word_1_529' title='bbox 1317 3450 1381 3516; x_wconf 81' lang='lat' dir='ltr'>live</span> <span class='ocrx_word' id='word_1_530' title='bbox 1400 3447 1564 3515; x_wconf 84' lang='lat' dir='ltr'>centesima</span> <span class='ocrx_word' id='word_1_531' title='bbox 1584 3447 1645 3514; x_wconf 81' lang='lat' dir='ltr'>dcc.</span> <span class='ocrx_word' id='word_1_532' title='bbox 1666 3466 1715 3511; x_wconf 87' lang='lat' dir='ltr'>rt·</span> <span class='ocrx_word' id='word_1_533' title='bbox 1795 3441 1801 3460; x_wconf 68' lang='grc'><strong>“</strong></span> 
     </span>
     <span class='ocr_line' id='line_1_42' title="bbox 129 3521 1716 3610; baseline 0.003 -20"><span class='ocrx_word' id='word_1_534' title='bbox 129 3527 231 3590; x_wconf 84' lang='lat' dir='ltr'>niale</span> <span class='ocrx_word' id='word_1_535' title='bbox 261 3524 324 3590; x_wconf 85' lang='lat' dir='ltr'>elle</span> <span class='ocrx_word' id='word_1_536' title='bbox 354 3525 453 3604; x_wconf 79' lang='lat' dir='ltr'>potest</span> <span class='ocrx_word' id='word_1_537' title='bbox 485 3545 526 3590; x_wconf 78' lang='lat' dir='ltr'>ex</span> <span class='ocrx_word' id='word_1_538' title='bbox 547 3521 666 3590; x_wconf 81' lang='lat' dir='ltr'>delediu</span> <span class='ocrx_word' id='word_1_539' title='bbox 692 3527 792 3603; x_wconf 81' lang='lat' dir='ltr'>plenae</span> <span class='ocrx_word' id='word_1_540' title='bbox 811 3529 918 3596; x_wconf 87' lang='lat' dir='ltr'>adver·</span> <span class='ocrx_word' id='word_1_541' title='bbox 952 3530 1050 3610; x_wconf 78' lang='lat' dir='ltr'>spetiu</span> <span class='ocrx_word' id='word_1_542' title='bbox 1077 3534 1216 3596; x_wconf 82' lang='lat' dir='ltr'>mtteriae</span> <span class='ocrx_word' id='word_1_543' title='bbox 1247 3531 1384 3608; x_wconf 84' lang='lat' dir='ltr'>totalis,</span> <span class='ocrx_word' id='word_1_544' title='bbox 1414 3525 1555 3594; x_wconf 87' lang='lat' dir='ltr'>censetur</span> <span class='ocrx_word' id='word_1_545' title='bbox 1584 3531 1716 3594; x_wconf 81' lang='lat' dir='ltr'>materia</span> 
     </span>
     <span class='ocr_line' id='line_1_43' title="bbox 131 3605 1717 3690; baseline 0.001 -20"><span class='ocrx_word' id='word_1_546' title='bbox 131 3607 277 3670; x_wconf 73' lang='lat' dir='ltr'>tentiae.</span> <span class='ocrx_word' id='word_1_547' title='bbox 300 3607 406 3680; x_wconf 88' lang='lat' dir='ltr'>Quare</span> <span class='ocrx_word' id='word_1_548' title='bbox 426 3606 535 3670; x_wconf 86' lang='lat' dir='ltr'>deduci</span> <span class='ocrx_word' id='word_1_549' title='bbox 554 3606 679 3684; x_wconf 85' lang='lat' dir='ltr'>poliunt</span> <span class='ocrx_word' id='word_1_550' title='bbox 700 3623 763 3672; x_wconf 77' lang='lat' dir='ltr'>trec</span> <span class='ocrx_word' id='word_1_551' title='bbox 784 3609 915 3688; x_wconf 74' lang='lat' dir='ltr'>regulae.</span> <span class='ocrx_word' id='word_1_552' title='bbox 953 3614 1076 3690; x_wconf 81' lang='lat' dir='ltr'>gravis,</span> <span class='ocrx_word' id='word_1_553' title='bbox 1094 3609 1129 3676; x_wconf 69' lang='grc' dir='ltr'><strong>ἃ</strong></span> <span class='ocrx_word' id='word_1_554' title='bbox 1144 3607 1293 3674; x_wconf 80' lang='lat' dir='ltr'>sufficiens</span> <span class='ocrx_word' id='word_1_555' title='bbox 1312 3611 1348 3676; x_wconf 89' lang='lat' dir='ltr'>ad</span> <span class='ocrx_word' id='word_1_556' title='bbox 1363 3605 1514 3674; x_wconf 82' lang='lat' dir='ltr'>mortale.</span> <span class='ocrx_word' id='word_1_557' title='bbox 1535 3607 1617 3668; x_wconf 89' lang='lat' dir='ltr'>Hinc</span> <span class='ocrx_word' id='word_1_558' title='bbox 1635 3605 1717 3672; x_wconf 88' lang='lat' dir='ltr'>labo·</span> 
     </span>
     <span class='ocr_line' id='line_1_44' title="bbox 129 3683 1716 3766; baseline -0.001 -16"><span class='ocrx_word' id='word_1_559' title='bbox 129 3704 175 3750; x_wconf 41' lang='grc' dir='ltr'>,ιι</span> <span class='ocrx_word' id='word_1_560' title='bbox 200 3703 242 3746; x_wconf 81' lang='lat' dir='ltr'>ex</span> <span class='ocrx_word' id='word_1_561' title='bbox 272 3704 360 3760; x_wconf 87' lang='lat' dir='ltr'>patre</span> <span class='ocrx_word' id='word_1_562' title='bbox 390 3687 536 3762; x_wconf 67' lang='lat' dir='ltr'>precepti</span> <span class='ocrx_word' id='word_1_563' title='bbox 562 3687 700 3764; x_wconf 77' lang='lat' dir='ltr'>grauiter</span> <span class='ocrx_word' id='word_1_564' title='bbox 727 3685 778 3750; x_wconf 87' lang='lat' dir='ltr'>vel</span> <span class='ocrx_word' id='word_1_565' title='bbox 805 3687 917 3752; x_wconf 81' lang='lat' dir='ltr'>leviter</span> <span class='ocrx_word' id='word_1_566' title='bbox 952 3711 1023 3756; x_wconf 83' lang='lat' dir='ltr'>rant</span> <span class='ocrx_word' id='word_1_567' title='bbox 1044 3710 1098 3766; x_wconf 89' lang='lat' dir='ltr'>per</span> <span class='ocrx_word' id='word_1_568' title='bbox 1117 3706 1180 3753; x_wconf 82' lang='lat' dir='ltr'>tres</span> <span class='ocrx_word' id='word_1_569' title='bbox 1197 3690 1286 3752; x_wconf 83' lang='lat' dir='ltr'>horas</span> <span class='ocrx_word' id='word_1_570' title='bbox 1303 3691 1335 3750; x_wconf 88' lang='lat' dir='ltr'>in</span> <span class='ocrx_word' id='word_1_571' title='bbox 1355 3689 1404 3751; x_wconf 89' lang='lat' dir='ltr'>die</span> <span class='ocrx_word' id='word_1_572' title='bbox 1421 3683 1497 3750; x_wconf 88' lang='lat' dir='ltr'>lello</span> <span class='ocrx_word' id='word_1_573' title='bbox 1513 3705 1618 3760; x_wconf 88' lang='lat' dir='ltr'>peccat</span> <span class='ocrx_word' id='word_1_574' title='bbox 1634 3705 1716 3751; x_wconf 86' lang='lat' dir='ltr'>mor·</span> 
     </span>
     <span class='ocr_line' id='line_1_45' title="bbox 126 3761 1784 3902; baseline 0.002 -76"><span class='ocrx_word' id='word_1_575' title='bbox 126 3761 333 3902; x_wconf 51' lang='lat' dir='ltr'>oblipantia.</span> <span class='ocrx_word' id='word_1_576' title='bbox 355 3783 384 3825; x_wconf 82' lang='lat'>2.</span> <span class='ocrx_word' id='word_1_577' title='bbox 406 3783 446 3830; x_wconf 85' lang='lat' dir='ltr'>err</span> <span class='ocrx_word' id='word_1_578' title='bbox 468 3768 645 3842; x_wconf 85' lang='lat' dir='ltr'>quantitate</span> <span class='ocrx_word' id='word_1_579' title='bbox 665 3768 805 3831; x_wconf 80' lang='lat' dir='ltr'>materiae</span> <span class='ocrx_word' id='word_1_580' title='bbox 827 3781 854 3846; x_wconf 85' lang='lat'>3.</span> <span class='ocrx_word' id='word_1_581' title='bbox 879 3788 918 3831; x_wconf 84' lang='lat' dir='ltr'>ex</span> <span class='ocrx_word' id='word_1_582' title='bbox 953 3766 1171 3848; x_wconf 85' lang='lat' dir='ltr'>taliter,ficut</span> <span class='ocrx_word' id='word_1_583' title='bbox 1193 3773 1244 3844; x_wconf 87' lang='lat' dir='ltr'>qui</span> <span class='ocrx_word' id='word_1_584' title='bbox 1269 3771 1387 3832; x_wconf 88' lang='lat' dir='ltr'>omittit</span> <span class='ocrx_word' id='word_1_585' title='bbox 1407 3763 1588 3830; x_wconf 69' lang='lat' dir='ltr'>nosturnum</span> <span class='ocrx_word' id='word_1_586' title='bbox 1614 3781 1716 3830; x_wconf 87' lang='lat' dir='ltr'>matu·</span> <span class='ocrx_word' id='word_1_587' title='bbox 1757 3793 1784 3838; x_wconf 83' lang='grc'>·,</span> 
     </span>
     <span class='ocr_line' id='line_1_46' title="bbox 133 3835 1717 3933; baseline 0.005 -31"><span class='ocrx_word' id='word_1_588' title='bbox 133 3859 201 3931; x_wconf 72' lang='lat' dir='ltr'>per</span> <span class='ocrx_word' id='word_1_589' title='bbox 216 3835 351 3914; x_wconf 67' lang='lat' dir='ltr'>ebione,</span> <span class='ocrx_word' id='word_1_590' title='bbox 379 3843 434 3933; x_wconf 27' lang='lat' dir='ltr'>‘uel</span> <span class='ocrx_word' id='word_1_591' title='bbox 471 3840 695 3920; x_wconf 67' lang='lat' dir='ltr'>imperfectione</span> <span class='ocrx_word' id='word_1_592' title='bbox 725 3845 918 3912; x_wconf 87' lang='lat' dir='ltr'>deliberatio-</span> <span class='ocrx_word' id='word_1_593' title='bbox 954 3853 1033 3930; x_wconf 78' lang='lat' dir='ltr'>tini,</span> <span class='ocrx_word' id='word_1_594' title='bbox 1061 3869 1132 3913; x_wconf 86' lang='lat' dir='ltr'>nam</span> <span class='ocrx_word' id='word_1_595' title='bbox 1159 3847 1231 3912; x_wconf 86' lang='lat' dir='ltr'>licet</span> <span class='ocrx_word' id='word_1_596' title='bbox 1250 3864 1313 3912; x_wconf 81' lang='lat' dir='ltr'>tres</span> <span class='ocrx_word' id='word_1_597' title='bbox 1333 3849 1416 3911; x_wconf 71' lang='lat' dir='ltr'>bore</span> <span class='ocrx_word' id='word_1_598' title='bbox 1441 3845 1501 3910; x_wconf 82' lang='lat' dir='ltr'>lmt</span> <span class='ocrx_word' id='word_1_599' title='bbox 1522 3865 1588 3922; x_wconf 81' lang='lat' dir='ltr'>para</span> <span class='ocrx_word' id='word_1_600' title='bbox 1603 3843 1717 3910; x_wconf 72' lang='lat' dir='ltr'>ostova</span> 
     </span>
     <span class='ocr_line' id='line_1_47' title="bbox 129 3919 1716 4008; baseline 0.001 -22"><span class='ocrx_word' id='word_1_601' title='bbox 129 3920 291 3990; x_wconf 52' lang='lat' dir='ltr'>assero</span> <span class='ocrx_word' id='word_1_602' title='bbox 311 3920 434 3991; x_wconf 71' lang='lat' dir='ltr'>clariori</span> <span class='ocrx_word' id='word_1_603' title='bbox 452 3937 561 4000; x_wconf 83' lang='lat' dir='ltr'>tamen</span> <span class='ocrx_word' id='word_1_604' title='bbox 586 3943 621 3988; x_wconf 83' lang='lat' dir='ltr'>ac</span> <span class='ocrx_word' id='word_1_605' title='bbox 643 3919 774 3990; x_wconf 79' lang='lat' dir='ltr'>faciliori</span> <span class='ocrx_word' id='word_1_606' title='bbox 796 3927 841 3992; x_wconf 89' lang='lat' dir='ltr'>rei</span> <span class='ocrx_word' id='word_1_607' title='bbox 871 3929 918 3990; x_wconf 91' lang='lat' dir='ltr'>in-</span> <span class='ocrx_word' id='word_1_608' title='bbox 951 3926 1249 4008; x_wconf 83' lang='lat' dir='ltr'>diei,&amp;nollurnus</span> <span class='ocrx_word' id='word_1_609' title='bbox 1269 3931 1365 3994; x_wconf 84' lang='lat' dir='ltr'>tertia</span> <span class='ocrx_word' id='word_1_610' title='bbox 1402 3923 1716 4002; x_wconf 81' lang='lat' dir='ltr'>aramatutini‚lunt</span> 
     </span>
     <span class='ocr_line' id='line_1_48' title="bbox 127 3949 1716 4086; baseline -0.004 -9"><span class='ocrx_word' id='word_1_611' title='bbox 127 3999 341 4076; x_wconf 73' lang='lat' dir='ltr'>telligemia.</span> <span class='ocrx_word' id='word_1_612' title='bbox 756 4049 759 4056; x_wconf 93' lang='lat'>·</span> <span class='ocrx_word' id='word_1_613' title='bbox 952 4027 1057 4075; x_wconf 87' lang='lat' dir='ltr'>tamen</span> <span class='ocrx_word' id='word_1_614' title='bbox 1079 4005 1244 4074; x_wconf 86' lang='lat' dir='ltr'>secundum</span> <span class='ocrx_word' id='word_1_615' title='bbox 1270 4003 1358 4070; x_wconf 70' lang='lat' dir='ltr'>send</span> <span class='ocrx_word' id='word_1_616' title='bbox 1379 3949 1472 4069; x_wconf 57' lang='lat' dir='ltr'>gruem</span> <span class='ocrx_word' id='word_1_617' title='bbox 1494 4007 1564 4086; x_wconf 78' lang='lat' dir='ltr'>legis</span> <span class='ocrx_word' id='word_1_618' title='bbox 1586 4007 1716 4072; x_wconf 82' lang='lat' dir='ltr'>materia</span> 
     </span>
     <span class='ocr_line' id='line_1_49' title="bbox 185 4079 1718 4170; baseline 0.002 -27"><span class='ocrx_word' id='word_1_619' title='bbox 185 4079 279 4144; x_wconf 84' lang='lat' dir='ltr'>Nota</span> <span class='ocrx_word' id='word_1_620' title='bbox 300 4100 330 4144; x_wconf 88' lang='lat' dir='ltr'>r.</span> <span class='ocrx_word' id='word_1_621' title='bbox 353 4100 480 4159; x_wconf 79' lang='lat' dir='ltr'>gravem</span> <span class='ocrx_word' id='word_1_622' title='bbox 498 4081 658 4160; x_wconf 79' lang='lat' dir='ltr'>levemque</span> <span class='ocrx_word' id='word_1_623' title='bbox 684 4089 827 4164; x_wconf 72' lang='lat' dir='ltr'>precepti</span> <span class='ocrx_word' id='word_1_624' title='bbox 844 4083 918 4151; x_wconf 89' lang='lat' dir='ltr'>obli-</span> <span class='ocrx_word' id='word_1_625' title='bbox 953 4087 1112 4154; x_wconf 77' lang='lat' dir='ltr'>notabilis.</span> <span class='ocrx_word' id='word_1_626' title='bbox 1140 4087 1164 4149; x_wconf 82' lang='lat' dir='ltr'><strong>E</strong></span> <span class='ocrx_word' id='word_1_627' title='bbox 1183 4105 1293 4150; x_wconf 88' lang='lat' dir='ltr'>contra</span> <span class='ocrx_word' id='word_1_628' title='bbox 1315 4107 1391 4150; x_wconf 88' lang='lat' dir='ltr'>vero</span> <span class='ocrx_word' id='word_1_629' title='bbox 1407 4085 1547 4170; x_wconf 81' lang='lat' dir='ltr'>laborans</span> <span class='ocrx_word' id='word_1_630' title='bbox 1571 4105 1623 4162; x_wconf 89' lang='lat' dir='ltr'>per</span> <span class='ocrx_word' id='word_1_631' title='bbox 1643 4102 1718 4160; x_wconf 84' lang='lat' dir='ltr'>qua·</span> 
     </span>
     <span class='ocr_line' id='line_1_50' title="bbox 127 4159 1715 4247; baseline 0.001 -23"><span class='ocrx_word' id='word_1_632' title='bbox 127 4161 304 4238; x_wconf 71' lang='lat' dir='ltr'>gerionem</span> <span class='ocrx_word' id='word_1_633' title='bbox 322 4159 526 4238; x_wconf 75' lang='lat' dir='ltr'>colligendam</span> <span class='ocrx_word' id='word_1_634' title='bbox 547 4161 607 4225; x_wconf 86' lang='lat' dir='ltr'>elle</span> <span class='ocrx_word' id='word_1_635' title='bbox 629 4183 672 4226; x_wconf 79' lang='lat' dir='ltr'>ex</span> <span class='ocrx_word' id='word_1_636' title='bbox 700 4165 877 4245; x_wconf 87' lang='lat' dir='ltr'>Scriptura,</span> <span class='ocrx_word' id='word_1_637' title='bbox 897 4165 917 4228; x_wconf 81' lang='lat' dir='ltr'>sl</span> <span class='ocrx_word' id='word_1_638' title='bbox 941 4171 1125 4247; x_wconf 77' lang='lat' dir='ltr'>drentem,</span> <span class='ocrx_word' id='word_1_639' title='bbox 1161 4185 1216 4232; x_wconf 87' lang='lat' dir='ltr'>aut</span> <span class='ocrx_word' id='word_1_640' title='bbox 1252 4168 1400 4230; x_wconf 83' lang='lat' dir='ltr'>omittens</span> <span class='ocrx_word' id='word_1_641' title='bbox 1429 4165 1578 4230; x_wconf 76' lang='lat' dir='ltr'>l’lalnmm</span> <span class='ocrx_word' id='word_1_642' title='bbox 1610 4181 1715 4240; x_wconf 82' lang='lat' dir='ltr'>parvae</span> 
     </span>
     <span class='ocr_line' id='line_1_51' title="bbox 124 4238 1718 4325; baseline 0 -21"><span class='ocrx_word' id='word_1_643' title='bbox 124 4243 175 4304; x_wconf 80' lang='lat' dir='ltr'>jn</span> <span class='ocrx_word' id='word_1_644' title='bbox 199 4259 235 4304; x_wconf 87' lang='lat' dir='ltr'>ea</span> <span class='ocrx_word' id='word_1_645' title='bbox 251 4243 467 4306; x_wconf 83' lang='lat' dir='ltr'>contineatur.</span> <span class='ocrx_word' id='word_1_646' title='bbox 500 4238 590 4306; x_wconf 88' lang='lat' dir='ltr'>Unde</span> <span class='ocrx_word' id='word_1_647' title='bbox 611 4240 630 4304; x_wconf 83' lang='lat' dir='ltr'>li</span> <span class='ocrx_word' id='word_1_648' title='bbox 653 4243 735 4308; x_wconf 89' lang='lat' dir='ltr'>dicat</span> <span class='ocrx_word' id='word_1_649' title='bbox 756 4263 920 4322; x_wconf 87' lang='lat' dir='ltr'>peccatum</span> <span class='ocrx_word' id='word_1_650' title='bbox 954 4249 1061 4325; x_wconf 78' lang='lat' dir='ltr'>horae3</span> <span class='ocrx_word' id='word_1_651' title='bbox 1081 4251 1150 4323; x_wconf 91' lang='lat' dir='ltr'>quia</span> <span class='ocrx_word' id='word_1_652' title='bbox 1170 4245 1239 4309; x_wconf 89' lang='lat' dir='ltr'>lunt</span> <span class='ocrx_word' id='word_1_653' title='bbox 1257 4245 1292 4309; x_wconf 90' lang='lat' dir='ltr'>ad</span> <span class='ocrx_word' id='word_1_654' title='bbox 1312 4245 1405 4311; x_wconf 84' lang='lat' dir='ltr'>finem</span> <span class='ocrx_word' id='word_1_655' title='bbox 1430 4244 1503 4322; x_wconf 76' lang='lat' dir='ltr'>legis</span> <span class='ocrx_word' id='word_1_656' title='bbox 1522 4245 1655 4307; x_wconf 87' lang='lat' dir='ltr'>materia</span> <span class='ocrx_word' id='word_1_657' title='bbox 1670 4241 1718 4304; x_wconf 92' lang='lat' dir='ltr'>le·</span> 
     </span>
     <span class='ocr_line' id='line_1_52' title="bbox 124 4316 1461 4404; baseline 0 -20"><span class='ocrx_word' id='word_1_658' title='bbox 124 4317 269 4394; x_wconf 70' lang='lat' dir='ltr'>aliquod</span> <span class='ocrx_word' id='word_1_659' title='bbox 286 4316 349 4383; x_wconf 73' lang='lat' dir='ltr'>effe</span> <span class='ocrx_word' id='word_1_660' title='bbox 370 4319 830 4399; x_wconf 77' lang='lat' dir='ltr'>abominabile,execrandum,</span> <span class='ocrx_word' id='word_1_661' title='bbox 851 4323 919 4390; x_wconf 88' lang='lat' dir='ltr'>bor·</span> <span class='ocrx_word' id='word_1_662' title='bbox 953 4332 1020 4402; x_wconf 81' lang='lat' dir='ltr'>vis,</span> <span class='ocrx_word' id='word_1_663' title='bbox 1038 4345 1146 4404; x_wconf 87' lang='lat' dir='ltr'>peccat</span> <span class='ocrx_word' id='word_1_664' title='bbox 1166 4327 1265 4390; x_wconf 91' lang='lat' dir='ltr'>solum</span> <span class='ocrx_word' id='word_1_665' title='bbox 1279 4325 1461 4390; x_wconf 71' lang='lat' dir='ltr'>venialiter.</span> 
     </span>
     <span class='ocr_line' id='line_1_53' title="bbox 126 4397 1717 4484; baseline 0.003 -22"><span class='ocrx_word' id='word_1_666' title='bbox 126 4397 254 4476; x_wconf 85' lang='lat' dir='ltr'>sibile,</span> <span class='ocrx_word' id='word_1_667' title='bbox 281 4397 408 4478; x_wconf 51' lang='lat' dir='ltr'>dunum</span> <span class='ocrx_word' id='word_1_668' title='bbox 432 4417 552 4478; x_wconf 73' lang='lat' dir='ltr'>auerte,</span> <span class='ocrx_word' id='word_1_669' title='bbox 583 4401 784 4467; x_wconf 66' lang='lat' dir='ltr'>excludente</span> <span class='ocrx_word' id='word_1_670' title='bbox 812 4405 919 4470; x_wconf 89' lang='lat' dir='ltr'>Reno</span> <span class='ocrx_word' id='word_1_671' title='bbox 947 4427 952 4436; x_wconf 93' lang='lat'><em>·</em></span> <span class='ocrx_word' id='word_1_672' title='bbox 991 4405 1126 4484; x_wconf 72' lang='lat' dir='ltr'>Quando</span> <span class='ocrx_word' id='word_1_673' title='bbox 1155 4422 1259 4468; x_wconf 87' lang='lat' dir='ltr'>autem</span> <span class='ocrx_word' id='word_1_674' title='bbox 1286 4407 1414 4468; x_wconf 82' lang='lat' dir='ltr'>materia</span> <span class='ocrx_word' id='word_1_675' title='bbox 1442 4401 1580 4480; x_wconf 79' lang='lat' dir='ltr'>graviter</span> <span class='ocrx_word' id='word_1_676' title='bbox 1601 4399 1653 4465; x_wconf 85' lang='lat' dir='ltr'>vel</span> <span class='ocrx_word' id='word_1_677' title='bbox 1675 4399 1717 4466; x_wconf 92' lang='lat' dir='ltr'>le·</span> 
     </span>
     <span class='ocr_line' id='line_1_54' title="bbox 122 4427 1716 4572; baseline -0.004 -22"><span class='ocrx_word' id='word_1_678' title='bbox 122 4477 223 4550; x_wconf 61' lang='lat' dir='ltr'>Deli</span> <span class='ocrx_word' id='word_1_679' title='bbox 255 4474 275 4538; x_wconf 75' lang='lat' dir='ltr'>sl</span> <span class='ocrx_word' id='word_1_680' title='bbox 304 4479 459 4572; x_wconf 35' lang='lat' dir='ltr'>ditat&#39;vae</span> <span class='ocrx_word' id='word_1_681' title='bbox 476 4479 561 4549; x_wconf 80' lang='lat' dir='ltr'>iliud</span> <span class='ocrx_word' id='word_1_682' title='bbox 572 4475 718 4568; x_wconf 56' lang='lat' dir='ltr'>[acicam</span> <span class='ocrx_word' id='word_1_683' title='bbox 734 4427 920 4548; x_wconf 52' lang='lat' dir='ltr'>conclulgen·</span> <span class='ocrx_word' id='word_1_684' title='bbox 956 4491 1038 4553; x_wconf 89' lang='lat' dir='ltr'>viter</span> <span class='ocrx_word' id='word_1_685' title='bbox 1052 4485 1082 4550; x_wconf 83' lang='lat' dir='ltr'>le</span> <span class='ocrx_word' id='word_1_686' title='bbox 1099 4485 1211 4570; x_wconf 69' lang='lat' dir='ltr'>lrabeat</span> <span class='ocrx_word' id='word_1_687' title='bbox 1226 4484 1263 4546; x_wconf 87' lang='lat' dir='ltr'>ad</span> <span class='ocrx_word' id='word_1_688' title='bbox 1284 4486 1377 4547; x_wconf 86' lang='lat' dir='ltr'>finem</span> <span class='ocrx_word' id='word_1_689' title='bbox 1397 4481 1490 4559; x_wconf 74' lang='lat' dir='ltr'>legis,</span> <span class='ocrx_word' id='word_1_690' title='bbox 1510 4478 1716 4559; x_wconf 78' lang='lat' dir='ltr'>colligendum</span> 
     </span>
     <span class='ocr_line' id='line_1_55' title="bbox 123 4555 1716 4640; baseline 0.004 -22"><span class='ocrx_word' id='word_1_691' title='bbox 123 4555 219 4628; x_wconf 68' lang='lat' dir='ltr'>,dum</span> <span class='ocrx_word' id='word_1_692' title='bbox 242 4555 310 4636; x_wconf 82' lang='lat' dir='ltr'>cll,</span> <span class='ocrx_word' id='word_1_693' title='bbox 336 4557 503 4626; x_wconf 73' lang='lat' dir='ltr'>inhibitum</span> <span class='ocrx_word' id='word_1_694' title='bbox 534 4561 595 4624; x_wconf 85' lang='lat' dir='ltr'>elle</span> <span class='ocrx_word' id='word_1_695' title='bbox 616 4563 771 4640; x_wconf 79' lang='lat' dir='ltr'>graviter;</span> <span class='ocrx_word' id='word_1_696' title='bbox 800 4563 921 4640; x_wconf 88' lang='lat' dir='ltr'>quando</span> <span class='ocrx_word' id='word_1_697' title='bbox 954 4567 997 4632; x_wconf 84' lang='lat' dir='ltr'>eli</span> <span class='ocrx_word' id='word_1_698' title='bbox 1019 4587 1045 4630; x_wconf 94' lang='lat' dir='ltr'>r.</span> <span class='ocrx_word' id='word_1_699' title='bbox 1067 4587 1106 4630; x_wconf 81' lang='lat' dir='ltr'>tx</span> <span class='ocrx_word' id='word_1_700' title='bbox 1123 4566 1275 4629; x_wconf 88' lang='lat' dir='ltr'>communi</span> <span class='ocrx_word' id='word_1_701' title='bbox 1296 4561 1462 4626; x_wconf 82' lang='lat' dir='ltr'>Doliotum</span> <span class='ocrx_word' id='word_1_702' title='bbox 1482 4557 1716 4640; x_wconf 89' lang='lat' dir='ltr'>consensu,qul</span> 
     </span>
     <span class='ocr_line' id='line_1_56' title="bbox 129 4639 1717 4726; baseline 0.003 -24"><span class='ocrx_word' id='word_1_703' title='bbox 129 4655 226 4726; x_wconf 71' lang='lat' dir='ltr'>ueto</span> <span class='ocrx_word' id='word_1_704' title='bbox 241 4641 348 4702; x_wconf 80' lang='lat' dir='ltr'>mitius</span> <span class='ocrx_word' id='word_1_705' title='bbox 364 4639 524 4716; x_wconf 87' lang='lat' dir='ltr'>loquitur,</span> <span class='ocrx_word' id='word_1_706' title='bbox 547 4641 706 4720; x_wconf 77' lang='lat' dir='ltr'>colligitur</span> <span class='ocrx_word' id='word_1_707' title='bbox 721 4641 780 4704; x_wconf 87' lang='lat' dir='ltr'>elie</span> <span class='ocrx_word' id='word_1_708' title='bbox 796 4660 920 4707; x_wconf 88' lang='lat' dir='ltr'>tantum</span> <span class='ocrx_word' id='word_1_709' title='bbox 955 4645 1034 4723; x_wconf 80' lang='lat' dir='ltr'>laepe</span> <span class='ocrx_word' id='word_1_710' title='bbox 1064 4647 1129 4724; x_wconf 86' lang='lat' dir='ltr'>plus</span> <span class='ocrx_word' id='word_1_711' title='bbox 1158 4644 1244 4707; x_wconf 86' lang='lat' dir='ltr'>valet</span> <span class='ocrx_word' id='word_1_712' title='bbox 1274 4644 1305 4704; x_wconf 91' lang='lat' dir='ltr'>ln</span> <span class='ocrx_word' id='word_1_713' title='bbox 1334 4640 1515 4714; x_wconf 83' lang='lat' dir='ltr'>moralibus,</span> <span class='ocrx_word' id='word_1_714' title='bbox 1544 4661 1635 4718; x_wconf 87' lang='lat' dir='ltr'>quam</span> <span class='ocrx_word' id='word_1_715' title='bbox 1654 4639 1717 4717; x_wconf 84' lang='lat' dir='ltr'>ipsa</span> 
     </span>
     <span class='ocr_line' id='line_1_57' title="bbox 129 4713 1717 4806; baseline -0.008 -11"><span class='ocrx_word' id='word_1_716' title='bbox 129 4713 295 4806; x_wconf 59' lang='lat' dir='ltr'>Vflflfflle,</span> <span class='ocrx_word' id='word_1_717' title='bbox 312 4737 346 4782; x_wconf 71' lang='lat' dir='ltr'>ut</span> <span class='ocrx_word' id='word_1_718' title='bbox 368 4739 439 4784; x_wconf 70' lang='lat' dir='ltr'>tum</span> <span class='ocrx_word' id='word_1_719' title='bbox 459 4721 534 4785; x_wconf 76' lang='lat' dir='ltr'>dicit</span> <span class='ocrx_word' id='word_1_720' title='bbox 558 4719 721 4796; x_wconf 75' lang='lat' dir='ltr'>Apostolus</span> <span class='ocrx_word' id='word_1_721' title='bbox 738 4721 775 4784; x_wconf 88' lang='lat' dir='ltr'>de</span> <span class='ocrx_word' id='word_1_722' title='bbox 789 4719 921 4788; x_wconf 90' lang='lat' dir='ltr'>llulrilo·</span> <span class='ocrx_word' id='word_1_723' title='bbox 956 4730 1055 4791; x_wconf 80' lang='lat' dir='ltr'>ratio:</span> <span class='ocrx_word' id='word_1_724' title='bbox 1081 4743 1172 4788; x_wconf 88' lang='lat' dir='ltr'>nemo</span> <span class='ocrx_word' id='word_1_725' title='bbox 1190 4725 1272 4784; x_wconf 88' lang='lat' dir='ltr'>enim</span> <span class='ocrx_word' id='word_1_726' title='bbox 1292 4721 1373 4787; x_wconf 87' lang='lat' dir='ltr'>dicet</span> <span class='ocrx_word' id='word_1_727' title='bbox 1393 4721 1455 4786; x_wconf 87' lang='lat' dir='ltr'>lola</span> <span class='ocrx_word' id='word_1_728' title='bbox 1476 4715 1603 4798; x_wconf 74' lang='lat' dir='ltr'>lpetiata</span> <span class='ocrx_word' id='word_1_729' title='bbox 1621 4723 1717 4783; x_wconf 87' lang='lat' dir='ltr'>ratio·</span> 
     </span>
     <span class='ocr_line' id='line_1_58' title="bbox 125 4799 1718 4890; baseline -0.011 -11"><span class='ocrx_word' id='word_1_730' title='bbox 125 4814 247 4880; x_wconf 64' lang='lat' dir='ltr'>auru,</span> <span class='ocrx_word' id='word_1_731' title='bbox 273 4815 308 4872; x_wconf 61' lang='lat' dir='ltr'>‘a</span> <span class='ocrx_word' id='word_1_732' title='bbox 331 4799 374 4872; x_wconf 74' lang='lat' dir='ltr'>ad</span> <span class='ocrx_word' id='word_1_733' title='bbox 389 4819 457 4874; x_wconf 77' lang='lat' dir='ltr'>reru</span> <span class='ocrx_word' id='word_1_734' title='bbox 485 4822 543 4870; x_wconf 83' lang='lat' dir='ltr'>non</span> <span class='ocrx_word' id='word_1_735' title='bbox 559 4799 725 4884; x_wconf 77' lang='lat' dir='ltr'>pertinere.</span> <span class='ocrx_word' id='word_1_736' title='bbox 755 4799 787 4868; x_wconf 86' lang='lat' dir='ltr'>Si</span> <span class='ocrx_word' id='word_1_737' title='bbox 816 4817 922 4870; x_wconf 84' lang='lat' dir='ltr'>autem</span> <span class='ocrx_word' id='word_1_738' title='bbox 957 4825 996 4874; x_wconf 86' lang='lat' dir='ltr'>ne</span> <span class='ocrx_word' id='word_1_739' title='bbox 1006 4855 1018 4890; x_wconf 94' lang='lat'>,</span> <span class='ocrx_word' id='word_1_740' title='bbox 1032 4803 1125 4872; x_wconf 84' lang='lat' dir='ltr'>modo</span> <span class='ocrx_word' id='word_1_741' title='bbox 1142 4800 1250 4870; x_wconf 79' lang='lat' dir='ltr'>eodem</span> <span class='ocrx_word' id='word_1_742' title='bbox 1270 4801 1366 4874; x_wconf 79' lang='lat' dir='ltr'>verba</span> <span class='ocrx_word' id='word_1_743' title='bbox 1383 4799 1523 4882; x_wconf 76' lang='lat' dir='ltr'>parvule</span> <span class='ocrx_word' id='word_1_744' title='bbox 1544 4801 1628 4865; x_wconf 77' lang='lat' dir='ltr'>hora</span> <span class='ocrx_word' id='word_1_745' title='bbox 1649 4817 1718 4876; x_wconf 72' lang='lat' dir='ltr'>qua</span> 
     </span>
     <span class='ocr_line' id='line_1_59' title="bbox 239 4897 1680 4958; baseline -0.006 -7"><span class='ocrx_word' id='word_1_746' title='bbox 239 4943 241 4951; x_wconf 93' lang='lat'><em>.</em></span> <span class='ocrx_word' id='word_1_747' title='bbox 726 4900 730 4908; x_wconf 81' lang='lat'><strong>·</strong></span> <span class='ocrx_word' id='word_1_748' title='bbox 1587 4897 1680 4958; x_wconf 86' lang='lat' dir='ltr'>quar·</span> 
     </span>
    </p>
   </div>
   <div class='ocr_carea' id='block_1_7' title="bbox 879 5053 920 5141">
    <p class='ocr_par' dir='ltr' id='par_1_7' title="bbox 879 5053 920 5141">
     <span class='ocr_line' id='line_1_60' title="bbox 879 5053 920 5141; baseline 0 0"><span class='ocrx_word' id='word_1_749' title='bbox 879 5053 920 5141; x_wconf 33' lang='lat' dir='ltr'>X:</span> 
     </span>
    </p>
   </div>
   <div class='ocr_carea' id='block_1_8' title="bbox 0 0 2034 5460">
    <p class='ocr_par' dir='ltr' id='par_1_8' title="bbox 0 0 2034 5460">
     <span class='ocr_line' id='line_1_61' title="bbox 0 0 2034 5460; baseline 0 2"><span class='ocrx_word' id='word_1_750' title='bbox 0 0 2034 5460; x_wconf 95' lang='lat' dir='ltr'> </span> 
     </span>
    </p>
   </div>
  </div>
 </body>
</html>
