4030 5456
381 167 964 244 Tua'ca.r>t=.Rr·:outrs
1003 149 1435 242 Mentiuntur.
1572 190 1646 264 105

136 277 246 341 eimut.
264 271 304 338 Et
326 275 407 336 tatio
429 269 490 346 ipsa
507 269 564 333 hoe
579 264 783 332 demonstrat..
813 264 896 328 Nam
929 261 1148 342 eonscientiae,
1177 286 1246 352 quae
1273 287 1344 330 eum
1369 265 1559 342 culpabiliter
1591 282 1695 346 erret,

138 359 150 434 (
177 352 324 419 ur'notat
345 351 384 416 ῐ).
406 351 541 414 Thomas
567 367 592 408 t.
621 365 647 407 a.
669 346 767 428 quast.
788 363 862 407 xrx.
882 341 908 418 l,
932 343 1053 422 potest,
1068 349 1161 409 immo
1179 344 1265 410 debet
1285 347 1417 421 deponi.
1434 347 1492 410 llla
1513 367 1589 412 veru
1606 348 1697 422 depo·

136 436 214 498 velle
235 435 370 506 malum,
397 431 510 507 semper
527 423 569 493 esi
596 426 710 490 malum
736 424 770 489 dr
789 438 896 512 peeca-
933 419 1010 501 stra,
1034 444 1132 500 neque
1156 439 1278 515 cuneta·
1295 427 1380 488 illam
1408 443 1573 502 peccatur,
1598 445 1697 502 neque
1715 497 1729 508 p

137 531 219 578 tam.
244 517 288 582 At
308 507 552 588 quotiescumque
582 506 730 572 voltantas
745 501 896 568 discordat
933 501 1099 568 secundum
1128 504 1236 580 illam,
1259 506 1279 568 lr
1305 504 1397 570 disier
1423 505 1500 582 quod
1525 505 1697 582 eslpeeca·

135 616 152 658 a
176 593 330 670 tatione(
355 589 426 655 idest
446 605 555 657 contra
585 585 677 664 ipsam
706 581 896 660 operamur)
934 601 1019 660 trun,
1036 579 1087 646 seu
1102 583 1183 660 quod
1202 581 1290 647 resim
1314 587 1426 650 rationi
1449 583 1483 652 ἀ
1505 585 1560 665 legi
1582 586 1696 652 divinae

135 677 212 738 atala
235 673 278 737 esi
290 695 302 748 ,·
330 674 401 751 quia
425 670 538 734 malum
558 667 622 742 esi,
647 662 699 728 seu
718 679 899 741 peccatum,
932 660 976 727 est
991 665 1193 727 contrarium.
1220 663 1361 736 Sequitur
1389 685 1483 744 ergo,
1506 663 1586 741 quod
1608 685 1699 743 agenr

135 753 195 817 five
214 758 293 826 tatio
308 768 389 824 erret
408 747 649 821 invincibiliter,
667 743 733 808 live
747 741 897 808 vincibili·
933 760 1041 808 contra
1057 739 1277 808 conscientiam
1290 746 1387 806 etiam
1411 744 1597 810 vincibiliter
1616 764 1698 810 erro·

133 837 384 908 ter‚tumeitca
404 832 483 894 bona
506 824 627 906 perse,
654 824 818 891 rumcirca
851 824 896 884 in·
934 842 1024 886 neam
1039 838 1144 900 peccet
1166 839 1278 886 contra
1298 821 1395 900 legem
1414 823 1554 888 divinam
1575 841 1698 888 nauita.-

133 909 305 978 rlifferentia
327 961 336 990 ‚
366 910 429 976 slve
458 927 519 972 non
547 921 652 970 erret:
685 906 777 983 igitur
806 921 897 980 agens
934 901 1011 979 lem,
1030 923 1089 978 qua
1113 904 1231 966 vetitus
1252 897 1297 966 est
1316 904 1416 966 omnir
1435 901 1559 966 affertur
1573 901 1608 968 dt
1627 924 1701 970 con·

132 1008 238 1058 contra
253 991 473 1057 conscientiam
488 987 583 1052 etiam
608 981 830 1048 invincibiliter
850 1001 898 1044 er·
935 978 1033 1048 sensus
1054 983 1092 1047 ad
1113 984 1142 1046 id
1169 981 1251 1058 quod
1271 983 1369 1046 etiarn
1395 1001 1434 1044 ert
1454 1001 1558 1046 errore
1578 1000 1614 1046 ut
1634 1001 1700 1048 ma·

132 1091 254 1137 roneam
279 1073 349 1137 vult
378 1071 491 1133 malum
510 1113 518 1142 ,
543 1063 578 1130 ὃ(
598 1079 793 1140 peceatum,
826 1063 897 1136 quia
936 1062 999 1125 lum
1018 1065 1205 1140 concipimur
1224 1060 1259 1128 ἀ
1276 1060 1608 1126 iudicamus.,Etentm
1627 1081 1701 1128 cum

130 1153 292 1218 rum-velit
318 1151 487 1223 odilonem,
511 1147 560 1209 vel
575 1141 788 1217 'omissionem,
809 1159 898 1216 quam
935 1142 984 1204 lex
1002 1143 1152 1206 naturalia
1175 1158 1261 1208 vetet
1284 1159 1374 1218 agere
1389 1153 1702 1218 contrapraereptutn

130 1235 210 1296 ratio
235 1237 263 1296 ei
285 1251 346 1296 non
376 1227 488 1304 distat,
518 1225 554 1290 &
575 1224 716 1299 proponit
736 1219 897 1284 voluntati
935 1221 1024 1296 Dei,·
1050 1221 1166 1300 obligat
1195 1223 1275 1286 ratio
1307 1221 1341 1286 ἃ
1367 1219 1576 1298 conscientia,
1603 1223 1701 1286 etiam

129 1309 189 1373 elie
205 1311 348 1376 illicitam
365 1309 492 1384 ideoque
516 1319 692 1382 peccatum,
717 1299 787 1364 vult
809 1316 898 1378 agere
935 1299 1006 1364 dum
1026 1319 1129 1364 errat:
1150 1304 1219 1377 quia
1238 1299 1360 1366 tametsi
1386 1306 1450 1366 eius
1472 1299 1616 1366 iudicium
1636 1319 1700 1364 nou

126 1407 236 1456 eontra
257 1378 710 1458 diditmencouscientiaequod
731 1375 772 1441 est
793 1377 896 1455 regula
934 1381 1097 1444 derivetur
1124 1402 1141 1443 a
1171 1381 1263 1457 Deo,
1287 1379 1363 1446 illud
1392 1400 1494 1447 tamen
1522 1381 1704 1460 proponitur
1801 1434 1806 1446 .

128 1471 307 1535 immediata
324 1466 495 1535 nostratum
515 1463 727 1538 operationum
740 1506 751 1534 ,
765 1477 824 1536 quo
833 1459 898 1526 Lex
936 1477 1093 1536 tamquam
1111 1481 1129 1523 a
1148 1460 1217 1524 Deo
1237 1459 1432 1528 derivatum.

126 1549 247 1615 Divina
267 1551 317 1612 uel
336 1549 466 1612 humana
481 1543 567 1608 nobis
587 1539 781 1617 proponitur,
808 1537 891 1602 ideo·
974 1541 1223 1617 Quamvisvero
1249 1538 1432 1606 couscientia
1456 1544 1552 1607 etiarn
1573 1537 1701 1606 vincibi-

125 1651 187 1706 que
212 1629 327 1692 malum
353 1627 410 1701 eil,
440 1623 474 1688 ὃ(
494 1637 673 1700 peccatum.
699 1617 738 1680 Et
763 1620 898 1682 vie'tota
937 1621 1009 1684 liter
1024 1639 1150 1684 erronea
1172 1621 1452 1701 negative-obliget
1480 1641 1519 1686 ne
1540 1635 1700 1699 operemur

125 1706 253 1772 huiusce
269 1711 394 1772 rationis
409 1702 554 1768 fundatur
579 1722 596 1764 a
617 1699 654 1761 D.
677 1695 790 1759 Thom.
806 1701 842 1759 in
863 1697 898 1757 il·
932 1703 1133 1769 contrarius
1162 1697 1331 1775 distamen,
1359 1721 1422 1766 non
1450 1699 1567 1779 obligat
1595 1715 1700 1764 tamen

52 1829 54 1834 ,
120 1789 162 1850 lis
183 1785 301 1850 duobus
318 1785 492 1864 principiis:
509 1802 605 1847 unum
623 1775 687 1842 ess:
703 1775 817 1840 bonum
833 1793 902 1854 pro-
936 1777 1065 1857 positive
1092 1796 1129 1844 ut
1158 1773 1318 1844 secundum
1343 1800 1380 1844 ea
1400 1801 1469 1856 quae
1497 1779 1560 1856 ipsa
1586 1779 1700 1854 disier,

125 1867 333 1943 sequendum,
351 1865 468 1928 malum
486 1860 666 1932 vitandum3
688 1855 821 1921 alterum
837 1855 899 1930 esi,
936 1880 1079 1940 agamur.
1099 1859 1183 1923 Nam
1207 1855 1311 1935 liquit
1330 1875 1493 1925 teneretur
1511 1858 1589 1934 sequi
1611 1856 1701 1922 huius

126 1944 208 2024 quod
231 1945 321 2009 nulla
344 1946 396 2007 lex
418 1942 551 2020 obliget,
571 1937 624 2001 nist
645 1951 794 2013 quatenus
815 1934 899 1998 nobis
934 1937 1133 2005 eonscientiae
1147 1935 1315 2016 distamen,
1339 1959 1409 2015 quae
1432 1939 1578 2004 illicitum
1593 1955 1702 2016 propo·

128 2043 207 2091 nota
226 2023 264 2087 fit
279 2073 288 2101 ,
303 2022 353 2090 seu
368 2043 422 2099 pet
436 2023 591 2086 rationem
600 2013 797 2094 apprehensa.
816 2015 899 2092 Qta·
933 2023 981 2084 nit
999 2039 1057 2098 pro
1075 2020 1180 2097 licito,
1207 2016 1322 2084 faceret
1342 2017 1541 2097 culpabiliter
1564 2018 1596 2082 id
1619 2016 1699 2094 quod

129 2125 162 2170 re
190 2104 316 2182 quando
342 2105 425 2168 ratio
445 2121 485 2164 eat
512 2101 592 2178 lege,
624 2113 713 2172 quam
734 2095 899 2174 apprehen·
935 2119 1043 2181 revera
1062 2096 1231 2164 malum-esi
1245 2121 1257 2162 r
1270 2119 1342 2163 curn
1357 2101 1528 2178 ignorantia
1549 2095 1702 2162 vincibilis·

127 2185 171 2249 dit
187 2182 327 2261 ,iudicat
345 2181 467 2260 aliquod
486 2179 545 2245 esse
561 2176 677 2240 malum
718 2172 753 2240 δι
775 2191 812 2240 ut
833 2175 900 2240 tale
933 2201 994 2257 qua
1023 2178 1143 2244 laborat
1173 2177 1239 2244 hare
1264 2178 1480 2256 conscientia,
1505 2193 1617 2255 utpote
1644 2195 1699 2240 vo·

127 2264 213 2328 nobis
246 2266 386 2340 proponit
395 2287 403 2340 ,·
427 2259 492 2325 srve
516 2273 598 2322 erret
626 2259 660 2348 in
681 2223 736 2318 suo
762 2253 896 2332 iudicio,
934 2261 1177 2339 luntaria,.non
1201 2255 1325 2325 excuset
1350 2281 1368 2324 a
1390 2259 1498 2338 culpa,
1516 2257 1551 2324 dt
1571 2257 1602 2322 id
1619 2253 1700 2335 quud

127 2343 189 2406 slve
224 2363 308 2418 non,
338 2341 359 2404 li
382 2357 492 2407 contra
523 2337 588 2402 tale
613 2333 760 2398 distamen
787 2355 894 2412 opere·
932 2361 972 2404 ex
987 2360 1022 2404 ea
1037 2337 1095 2416 fit,
1115 2338 1151 2402 stt
1168 2335 1276 2402 saltem
1291 2337 1435 2404 indiredie
1462 2339 1699 2406 voluntarium.

127 2445 214 2500 mur,
238 2422 310 2485 idest
330 2443 393 2485 nou
417 2419 551 2486 vitando
576 2416 656 2492 (lund
676 2413 762 2479 nobis
781 2433 816 2479 ut
832 2435 896 2481 ma·
932 2425 1086 2486 Praetetea
1110 2417 1188 2483 licut
1216 2416 1403 2486 conscientia
1428 2418 1546 2498 obligat
1569 2421 1632 2482 iam
1658 2435 1697 2480 ex

30 2535 31 2538 ¹
128 2503 190 2564 sum
215 2505 415 2579 proponitur,
442 2501 515 2563 sicet
536 2499 633 2560 etiem
664 2495 730 2559 tale
753 2513 815 2559 non
840 2493 897 2572 stt,
933 2517 1102 2579 unaparte
1119 2499 1350 2564 virtutedivini
1372 2491 1710 2577 ptaeceptl,·&exal·⁸

128 2599 214 2646 certe
234 2581 375 2650 volumus
393 2579 526 2664 malum,
551 2577 624 2651 quia
651 2573 795 2638 volumus
816 2575 896 2651 quod
932 2597 1000 2645 tera
1023 2579 1181 2643 absurdum
1206 2577 1269 2652 ell,
1297 2596 1333 2643 ut
1360 2583 1429 2656 quie
1445 2601 1485 2644 ex
1504 2578 1612 2643 divina
1634 2577 1701 2656 lege·

125 2680 178 2734 lter
196 2663 353 2725 rationem
373 2675 410 2722 ut
430 2657 548 2720 melum
565 2652 835 2730 apprehendimus,
861 2655 895 2717 ἅ
934 2676 1227 2736 teneaturpeccate,
1243 2659 1287 2721 ita
1303 2679 1367 2722 nun
1382 2658 1501 2738 obligat
1515 2658 1552 2723 ad
1569 2673 1703 2734 pectene

125 2741 316 2814 iudicamut,·
335 2739 453 2800 etenim
475 2730 623 2818 obieeium
651 2729 840 2807 voluntarie,
861 2731 896 2794 sr-
933 2737 1160 2800 dumtideitco
1173 2756 1270 2811 neque
1286 2735 1324 2800 ed
1344 2734 1517 2802 sacienclurn
1537 2737 1613 2801 illud
1633 2757 1699 2802 ma·

122 2824 190 2882 tuti
214 2836 307 2883 antea
327 2818 388 2878 iam
408 2813 557 2900 diximus,
577 2805 621 2872 esi
636 2805 769 2882 bonum,
785 2807 820 2874 δι
834 2829 896 2872 ma·
933 2816 1015 2890 lum,
1032 2814 1108 2890 quod
1128 2812 1304 2878 erronee&
1319 2816 1514 2890 culpabiliter
1528 2811 1638 2882 didiae.

122 2899 211 2972 lum,
231 2893 471 2959 nonsecundum
489 2889 518 2953 le
538 2886 789 2976 spelaeum-sal
807 2903 895 2964 prout
971 2891 1069 2958 Posset
1106 2892 1154 2956 hie
1185 2911 1289 2956 tamen
1317 2897 1426 2970 opponi
1458 2893 1619 2960 aueiotitar
1654 2896 1698 2958 Da

123 2977 162 3040 ab
187 2973 347 3040 intelleslu
372 2972 571 3050 proponitur.
602 2965 739 3030 immola
760 2987 824 3032 non
843 2969 895 3032 da·
932 2973 1084 3049 Thomae,
1104 2972 1156 3048 qui
1172 2973 1269 3053 quaest,
1288 2991 1382 3038 atvar.
1409 2973 1450 3038 de
1477 2971 1567 3037 Varia.
1586 2987 1643 3037 aaa,
1664 2997 1698 3052 4,

125 3075 174 3120 ills
215 3070 374 3130 peccatum
408 3050 464 3114 ¹¹5st
491 3047 830 3140 voluntarium-,laeli
860 3066 894 3111 ut
932 3053 1117 3130 docetquod
1138 3049 1695 3131 conscientiaerronea,politoqnorl

126 3133 204 3199 aiiio
232 3133 399 3210 procedens
422 3151 439 3195 a
465 3132 617 3207 principio
641 3122 806 3198 tntttnsecu
825 3147 894 3192 cum
932 3131 1125 3209 perseveret,
1146 3131 1262 3210 obligat
1285 3132 1324 3196 ad
1344 3131 1700 3210 eamsequendamallle

125 3215 305 3292 cognitione
324 3213 456 3276 malitiae
477 3206 565 3286 ipfius
585 3205 729 3299 adilonie,
755 3203 820 3270 fine
838 3205 894 3271 du·
931 3215 1054 3290 inquit,
1071 3213 1122 3276 cui
1138 3210 1231 3278 diuae
1250 3205 1442 3304 canscientia,
1465 3213 1545 3292 quod
1561 3219 1696 3293 lentatur

125 3293 174 3356 bio
192 3293 455 3368 vulrpereatum,
471 3293 525 3365 qui
537 3286 786 3379 vultasironetn,
801 3307 892 3364 quam
929 3294 970 3356 ad
982 3291 1210 3384 fitnirmrdam,
1242 3315 1298 3355 aon
1326 3295 1363 3373 est
1382 3291 1525 3373 obligatur
1546 3291 1695 3374 urlforat'·

126 3393 162 3435 ert
191 3371 312 3436 iudicio
340 3373 472 3449 propriu·
506 3372 636 3430 rationis
655 3363 810 3442 cognoscit
833 3367 893 3432 esse
928 3385 1072 3438 cartonen
1085 3375 1150 3453 fine
1162 3383 1276 3450 peccalo
1288 3371 1438 3438 dimittere
1452 3397 1510 3438 noa
1525 3373 1625 3454 poffil,
1640 3373 1696 3454 nr'fi

125 3453 261 3528 malum,
276 3450 310 3514 dt
331 3465 510 3526 peccatum·
768 3527 773 3538 Ι
923 3450 978 3530 sub
998 3451 1055 3517 har
1068 3452 1232 3517 conditione
1243 3499 1254 3528 ‚,
1264 3454 1292 3533 fi
1312 3452 1382 3517 ralis
1397 3452 1573 3533 ,conscientia
1586 3456 1691 3518 darer.

162 3532 251 3596 Solet
280 3530 331 3594 hie
350 3528 461 3606 obiici,
488 3524 566 3602 quod
590 3520 717 3602 sequens
745 3522 895 3590 distamen
929 3530 1016 3610 Resp.
1032 3531 1111 3608 quod
1128 3529 1224 3614 potest
1241 3529 1323 3596 bisce
1336 3531 1613 3612 verbialiguilicare
1628 3531 1693 3598 san·

126 3609 324 3690 conscientiae·
342 3603 892 3696 vincibilitererrantisoonstituere·
927 3609 989 3676 llus
1005 3609 1136 3689 notior,
1153 3611 1247 3689 posita
1267 3612 1325 3676 liae
1342 3613 1539 3689 conditione,
1560 3631 1632 3677 cum
1646 3617 1693 3678 lca

126 3707 175 3754 tur
199 3693 237 3752 5⁰¹
264 3687 405 3767 Pestiissdi
430 3681 629 3751 necestitate·
658 3683 691 3776 3}
712 3688 780 3760 ‘lusi
809 3703 843 3747 v,
863 3707 893 3764 gv
926 3692 990 3754 esse
1011 3690 1162 3769 ligatum,
1185 3709 1223 3756 ut
1252 3691 1396 3768 quamdiu
1415 3689 1474 3771 ipsa
1496 3689 1691 3772 perseveret,

126 3787 163 3831 ex
189 3787 324 3832 erronea
348 3769 487 3832 vincibili·
512 3759 704 3858 conscientia
730 3759 808 3828 stlso
837 3787 893 3842 pu·
928 3789 1109 3848 peccaturus
1123 3767 1220 3847 fit,sr
1235 3789 1295 3834 non
1311 3767 1495 3837 fornicetur.
1513 3773 1584 3836 Non
1599 3771 1694 3838 d'ocet
1737 3802 1744 3816 ⁴

126 3865 191 3912 tam
208 3849 240 3910 se
258 3851 354 3912 teneti
372 3848 408 3910 ad
429 3845 717 3920 mentiendumpro
734 3847 802 3907 vita
822 3866 892 3920 pro·
927 3865 1030 3916 tamen
1041 3897 1053 3923 ,
1069 3850 1147 3928 quod
1164 3868 1312 3916 teneatur·
1326 3873 1396 3916 eam
1414 3849 1631 3924 conscientiam
1647 3850 1695 3918 se«

126 3932 195 3992 ximl
220 3923 389 4004 servanda„
405 3945 468 3990 non
485 3927 675 4000 mentiatur,
691 3940 801 3998 percae
818 3945 894 3988 con·
945 3932 1001 4010 ui,
1023 3929 1057 3996 dt
1082 3925 1224 3995 fornicari
1238 3947 1250 3993 :¹
1273 3951 1335 3994 non
1366 3935 1438 4008 quia
1462 3933 1574 3998 debeat
1594 3951 1695 4012 agere

126 4023 173 4070 tra
189 4005 427 4082 conscientiam;
443 4005 463 4066 si
481 4023 556 4066 veto
575 4007 767 4096 mentiatur,
784 4023 893 4081 pereat
926 3951 1093 4074 secundum
1116 4009 1197 4074 illius
1224 4010 1424 4076 eonscientiae
1447 4009 1617 4090 distamen,
1639 4012 1690 4076 sed

126 4088 351 4152 contrairem
376 4085 451 4146 Dei.
481 4083 561 4176 Ergo
588 4083 637 4145 luc
656 4082 891 4150 constitueretur
926 4095 999 4169 quia
1015 4110 1080 4154 non·
1092 4089 1203 4154 debeat
1224 4109 1312 4170 agere
1336 4111 1445 4157 eontra
1473 4092 1569 4171 ipsam
1583 4115 1597 4154 .··
1619 4109 1690 4171 aget

128 4169 156 4228 in
186 4185 261 4230 nece
287 4184 366 4230 itate
392 4161 533 4240 peccandi
554 4203 566 4223 r
591 4161 648 4224 Sed
675 4164 888 4242 nemopotest
925 4189 1028 4234 autem
1053 4189 1165 4234 contre
1183 4171 1277 4234 talem
1299 4169 1537 4248 conscientiam,
1557 4170 1580 4233 st
1604 4190 1698 4234 eam·v

125 4246 267 4310 constitui
281 4327 282 4331 Ἰ
296 4250 327 4308 in
359 4245 418 4312 tali
437 4241 592 4322 ,perplexo
622 4240 702 4306 sittu
722 4285 736 4320 ,·
756 4261 818 4322 ut,
838 4247 891 4311 vei
925 4251 992 4314 dem
1009 4252 1158 4314 retineat.
1179 4252 1267 4326 Quia·
1284 4267 1391 4315 tamen
1413 4271 1501 4330 agere
1516 4271 1579 4314 non
1598 4239 1689 4315 deber

127 4345 212 4405 agat,
231 4326 279 4390 vel
298 4346 359 4390 non
378 4343 467 4404 agat,
484 4319 597 4398 semper
612 4339 734 4398 peccet.
752 4323 834 4403 Ergo
842 4327 889 4389 di·
910 4357 911 4360 ¹
925 4347 1034 4396 contrat
1048 4331 1141 4406 ipsam
1151 4377 1164 4405 ,.
1178 4351 1234 4394 nec
1250 4329 1411 4395 secundum
1428 4329 1541 4405 ipsam,
1557 4343 1600 4392 ne·
1610 4328 1693 4395 clivi·

126 4406 264 4480 tendum,
283 4405 366 4482 quod
382 4405 529 4470 illicitum
549 4423 614 4466 non
631 4399 667 4464 sat
684 4423 891 4492 agereeontra
925 4429 1000 4492 nam·
1014 4409 1112 4487 legem
1126 4411 1227 4475 violet·
1240 4427 1312 4486 qua.
1326 4427 1418 4475 vetar
1433 4405 1692 4489 inculcationem·

125 4483 345 4550 conscientiam
358 4485 543 4550 vincibiliter
567 4501 742 4546 erroneam,
757 4484 890 4561 Respon·
924 4487 999 4553 ideo
1009 4487 1141 4565 sequitur
1152 4533 1164 4566 ,-
1175 4489 1258 4568 quod
1274 4510 1344 4554 eam
1363 4489 1536 4566 deponere,
1552 4509 1618 4554 non
1632 4509 1687 4554 ve·

129 4565 202 4630 deo:
230 4563 382 4632 Concelso·
402 4563 544 4628 anteced.-
564 4581 629 4640 neg.
658 4565 776 4640 conleq.
806 4565 895 4632 Nam:
925 4589 965 4632 ro
979 4564 1064 4646 sequi
1078 4587 1238 4634 teneatur.
1254 4567 1344 4632 Unde
1360 4589 1435 4633 curn
1446 4571 1477 4630 in
1493 4567 1546 4633 rit,
1559 4583 1618 4632 art.
1633 4569 1686 4634 do·

129 4642 185 4708 lior
208 4643 569 4722 vetumelset,s1‹non
593 4643 718 4707 daretur
737 4643 888 4726 medium,
924 4665 977 4711 cer
1002 4649 1164 4726 Angelicus
1193 4647 1412 4718 conscientiam
1431 4663 1588 4714 errantem
1608 4648 1692 4712 obli·-

127 4725 202 4798 quod
232 4741 343 4792 revera
364 4725 474 4790 datur:
509 4720 625 4790 scilieet
648 4721 794 4801 depositio
818 4729 893 4793 talia
925 4747 1014 4807 gare,
1030 4749 1195 4806 numquam
1212 4746 1316 4794 tamen
1332 4728 1430 4810 dicit,
1445 4729 1524 4807 quod
1544 4727 1588 4794 stc·
1607 4726 1693 4790 obli·

1600 4819 1656 4888 get
