4030 5456
510 203 1330 284 'terenuthi-‚itum
1579 223 1652 302 ¹53

157 311 371 391 omittendum,
390 309 537 390 &penae
555 299 844 386 transgredientibus
859 298 909 364 de·
946 296 984 364 fit
998 302 1098 393 etiam
1110 304 1298 379 praeceptiva
1317 299 1487 368 formaliter
1508 300 1638 379 ulpeeru
1661 299 1707 366 al·

155 403 314 464 terminat.
503 429 507 442 ι
819 459 824 474 Ι
947 398 1059 457 terius,
1085 377 1192 458 saltem
1216 385 1422 447 virtualiter:
1461 405 1532 447 nam
1562 386 1618 448 boc
1643 379 1706 459 ipio

191 477 237 541 iiii
254 479 298 541 bis
319 476 413 550 igitur
433 484 533 548 patet,
554 468 669 544 Legem
682 457 827 528 confundi
848 478 910 522 uoti
946 455 1031 550 quot
1045 461 1236 539 permittitur
1256 463 1369 539 aliquid
1387 462 1422 526 ab
1442 483 1504 528 uuo
1520 462 1607 540 lieri,
1622 460 1708 526 simui

26 569 28 584 ³
153 557 253 638 polle,
270 555 357 620 sicuti
390 546 466 614 laiso
483 548 578 624 aliqui
600 559 731 622 putant,
749 561 819 604 tum
838 559 910 604 con·
948 535 1124 614 prohibetur
1159 557 1195 600 ue
1211 542 1248 602 ab
1263 543 1362 606 altero
1381 544 1409 606 ei
1431 541 1504 608 'illud
1524 538 1625 606 facere
1651 545 1708 604 im·

152 639 237 714 silio,
262 633 470 702 conventione
491 627 524 694 ἃ
549 630 633 699 iure,
656 620 797 714 aquibus
821 616 910 684 valde
947 617 1104 694 pediarur.
1133 582 1169 708 ln
1195 619 1249 682 hoc
1273 619 1359 683 lenl'u
1380 623 1472 697 igitur
1489 621 1615 686 verbum
1631 623 1707 684 ioris

151 719 200 780 lex
219 716 388 791 dilrrepat·
409 711 493 774 Nam
512 704 683 771 conlulenti
707 703 780 764 latis
798 696 841 763 eli
862 717 910 789 ra·
945 713 1105 788 acceptum
1133 715 1278 772 importat
1309 701 1434 776 plenum
1458 699 1635 779 arbitrium,
1657 701 1709 766 l'eu

151 795 284 862 tionibus
300 795 345 858 uti
390 789 495 866 quibua
520 781 634 860 aliquid
662 780 707 842 illi
728 778 851 846 luaileat
879 798 917 838 iti
945 774 1150 840 omnimodam
1173 775 1348 840 libertatern
1377 779 1486 855 aliquid
1516 781 1598 845 licite
1619 797 1709 860 agen·

150 895 238 952 qoem
254 841 459 942 nullffbaber
477 861 679 943 potestatem,
698 857 803 923 saltem
818 853 910 949 relpe·
945 855 994 918 di.
1017 855 1042 916 E
1057 871 1166 947 contra
1183 876 1276 932 vero,
1292 876 1401 945 nempe
1421 861 1453 920 iri
1474 858 1535 922 alio
1547 856 1633 924 sensu
1652 879 1708 922 00.

148 955 196 1018 tiu
216 955 349 1034 negotii,
369 956 407 1017 de
431 967 490 1024 quo
506 944 626 1022 agitur,
644 937 717 1002 idest
740 957 779 1002 an
797 935 911 1013 aliquid
945 953 1016 998 nien
1045 933 1119 1012 legia
1139 935 1278 999 includit
1295 938 1496 1002 ellentialiter
1534 937 1631 1002 ideam
1657 933 1710 1002 ltu

148 1033 184 1099 fit
204 1033 458 1113 aggrediendum,
481 1023 532 1088 vel
557 1039 638 1096 non3
668 1021 712 1082 ita
736 1033 770 1080 ut
795 1016 912 1080 nullum
945 1029 1129 1089 conceptum
1151 1013 1363 1094 obligationis,
1391 1038 1459 1094 quae
1481 1017 1574 1096 ligat,
1594 1012 1645 1080 seu
1672 1015 1711 1077 li·
1827 1016 1830 1030 ’

26 1143 27 1152 1
145 1116 192 1189 ei,
210 1115 260 1177 cui
275 1109 435 1178 consilium
452 1101 587 1182 prabet,
606 1101 745 1174 imponat
757 1095 912 1170 debitum,
946 1095 1038 1156 mitat
1059 1099 1231 1158 naturalem
1252 1094 1445 1161 libertatem.
1474 1099 1582 1173 Qtare
1601 1113 1658 1160 nec
1677 1097 1711 1156 iu

52 1191 56 1198 ’
146 1189 195 1255 sed
220 1190 348 1256 liberum
374 1192 404 1254 ei
430 1183 586 1257 relinquat
616 1175 692 1240 illud
720 1169 836 1250 fatere,
862 1173 912 1236 vel
947 1171 1005 1236 boc
1031 1168 1114 1234 l‘eolu
1133 1174 1255 1247 quidem
1276 1181 1323 1238 ius
1347 1195 1525 1253 acceptum,
1548 1176 1582 1240 bt
1609 1173 1712 1238 inulto

145 1291 233 1336 non:
255 1271 395 1335 Medicus
413 1267 495 1329 enini
523 1274 585 1322 noa
607 1251 772 1333 prescribit
795 1267 913 1331 aegroto
947 1253 1066 1326 minus,
1079 1251 1201 1327 quando
1214 1254 1313 1332 legum
1331 1256 1538 1321 colleiiionem
1547 1251 1714 1333 significat,

26 1353 27 1360 ’
143 1372 216 1415 rum
241 1349 423 1416 tutioritate
446 1341 640 1412 nominativa
661 1353 719 1408 0³,
737 1329 843 1408 <tillims
863 1335 910 1394 uti
947 1330 1005 1392 dici
1022 1328 1119 1404 potest
1146 1330 1212 1396 leit.
1232 1331 1325 1396 Fabia
1345 1353 1451 1400 autem
1471 1335 1527 1402 liae
1549 1331 1713 1398 distinetio-

142 1429 234 1498 debet
260 1431 295 1496 ἀ
321 1425 427 1504 quibus
455 1439 518 1484 uon
538 1414 648 1489 debet3
675 1411 749 1478 &si
778 1427 912 1490 egrotus
947 1428 986 1472 ne
1006 1409 1077 1487 legit
1097 1407 1132 1472 ab
1152 1411 1236 1474 omni
1255 1433 1317 1492 eo,
1334 1434 1404 1480 tum
1419 1435 1479 1494 quo
1495 1411 1637 1478 confundi
1658 1433 1712 1492 po·

26 1499 27 1536 '
144 1526 274 1580 tenetur
306 1509 409 1582 aliquo
446 1499 535 1566 niodo
556 1513 660 1573 parere
684 1487 796 1554 Medici
817 1490 912 1554 corili-
947 1486 1072 1566 rutilet,
1096 1507 1196 1566 opetae
1226 1495 1361 1570 pretium
1391 1501 1452 1562 erit
1479 1497 1545 1560 eius
1567 1509 1713 1560 naturam

26 1581 27 1586 ’
143 1589 210 1666 lio,
229 1607 292 1652 non
313 1583 469 1650 tenebitur
483 1595 588 1642 tamen
603 1593 642 1636 ex
660 1576 688 1634 vi
710 1568 816 1634 little
835 1568 912 1634 obli·
949 1570 1120 1642 inquirere.
1622 1623 1626 1632 ,

1741 1625 1853 1680 ulteria·

156 1745 196 1808 ed
218 1749 250 1809 vi
277 1745 348 1822 legis
374 1737 550 1812 naturalis,
568 1753 629 1809 qua
653 1746 777 1794 tenetur
802 1729 839 1791 ad
859 1749 910 1792 cu·
946 1725 1019 1814 gula
1038 1727 1070 1790 ἀ
1086 1726 1226 1793 mensura
1245 1729 1320 1795 lunii
1341 1733 1457 1811 potell3
1479 1735 1514 1799 ἀ
1534 1737 1566 1798 iri
1583 1705 1856 1821 buosen-123¹?

144 1824 273 1888 rendam
292 1813 337 1886 iiii
358 1820 444 1898 ipsius
468 1813 617 1903 salutern,
645 1807 677 1876 ἀ
705 1807 913 1890 multivario·
947 1813 980 1868 lu
997 1807 1064 1872 live
1078 1824 1250 1902 naturam,
1270 1810 1333 1874 sive
1354 1833 1436 1876 artes
1452 1814 1518 1878 l'uas
1539 1811 1653 1877 babent
1671 1811 1713 1874 le·
1730 1819 1826 1883 ceptio.

140 1903 302 1966 neni.·Ex
318 1899 456 1978 opposito
472 1913 568 1970 vero,
593 1891 664 1984 lieet
686 1889 736 1954 lex
761 1909 823 1954 non
851 1887 912 1956 sirie
947 1905 1015 1964 ger,
1035 1887 1140 1979 quibus
1161 1889 1353 1967 diriguntur:
1379 1891 1417 1956 lie
1439 1893 1534 1957 editio
1554 1891 1716 1972 Tyranno·
1734 1897 1799 1936 ²⁸¹·

140 1985 265 2048 ratione
285 1980 486 2054 inllituttur,
503 1995 564 2040 uon
581 1989 663 2036 ratio
681 1987 786 2034 rameri
807 1972 912 2046 praeci·
947 1987 1016 2034 turn
1034 1971 1178 2034 dicuntur
1207 1969 1303 2048 leges,
1330 1975 1469 2047 quamvis
1497 1971 1632 2036 iniusta.
1664 1969 1720 2042 lor

141 2061 203 2139 se,
233 2056 285 2126 sed
301 2062 450 2136 Principis
473 2052 638 2122 austeritas
667 2047 710 2114 eli
739 2055 915 2127 motivum,
948 2046 1068 2109 terdum
1087 2050 1183 2112 etiam
1206 2049 1256 2111 leit
1273 2053 1421 2130 accipitur
1442 2051 1719 2130 pro-conditione,

139 2163 237 2218 quare
258 2141 315 2220 legi
338 2161 406 2217 quae
421 2137 464 2202 ell
487 2133 568 2198 aliur
588 2135 760 2211 impetant,
781 2127 817 2193 sit
841 2129 913 2194 obe·
949 2127 1049 2190 veluti
1078 2126 1348 2194 iii-courrattltus
1373 2135 1423 2206 qni
1452 2137 1598 2200 ineuntur
1618 2149 1652 2193 ea
1675 2129 1717 2191 le·

141 1669 296 1808 fritionis,
312 1685 403 1741 qiiani
418 1665 446 1723 ei
469 1653 578 1722 afferat
597 1651 710 1716 Melici
734 1649 913 1727 confilium,
986 1647 1054 1712 Lex
1075 1647 1232 1728 latilbrue,
1253 1651 1287 1717 δε
1308 1655 1488 1732 improprie,
1504 1653 1577 1720 iilest
1594 1673 1651 1730 pro
1669 1671 1715 1716 re-

26 2279 27 2290 ,
139 2221 313 2298 diendum,
340 2215 483 2296 quidquid
513 2210 718 2278 allucinando-
732 2214 765 2274 iii
791 2224 913 2276 eontra·
947 2226 1005 2284 ge,
1026 2223 1059 2270 ut
1081 2205 1155 2284 lior,
1176 2208 1228 2268 vel
1254 2209 1330 2274 illud
1346 2209 1457 2276 iaciat.
1476 2211 1615 2276 Sumitur
1635 2212 1714 2285 ptri-

140 2303 223 2366 rium
240 2300 322 2366 dicat
337 2295 521 2362 Hobbesiut.
539 2289 652 2356 Differt
672 2291 721 2354 leit
743 2309 912 2356 atonveri·
949 2302 996 2349 ter
1024 2306 1077 2362 pro
1104 2286 1326 2366 inclinatione,
1354 2292 1404 2354 vel
1427 2289 1566 2357 inllinilu
1592 2288 1629 2354 ad
1656 2287 1715 2352 ali·

139 2379 252 2460 tione,
277 2381 351 2444 lieet
380 2377 484 2440 Grati
522 2371 655 2450 publicar
688 2375 911 2436 conventiones
946 2364 1017 2442 quid
1038 2361 1229 2444 iaciendum,
1249 2368 1283 2433 δι
1304 2367 1344 2434 sic
1367 2371 1631 2448 concupierunt,
1655 2387 1715 2444 qua

141 2459 226 2539 leger
244 2459 447 2538 appellarint:
475 2453 542 2530 Lex
557 2453 638 2514 enirn
662 2448 787 2526 divina,
807 2449 840 2514 ἃ
860 2469 913 2514 na·
947 2465 1020 2508 caro
1042 2446 1226 2524 concupiltit
1248 2447 1392 2515 adversus
1412 2451 1573 2530 spiritum,
1599 2448 1715 2511 dicitur

26 2545 28 2578 l
127 2533 256 2604 ¹ruralis
273 2555 379 2604 ortum
399 2555 461 2600 riou
478 2529 609 2598 habitere
629 2527 666 2594 ab
680 2527 743 2592 ulla
756 2529 913 2592 bominum
948 2525 1077 2588 Roman.
1109 2546 1137 2606 p.
1166 2532 1235 2591 [tx
1260 2527 1469 2596 membrorum.
1500 2531 1579 2594 ltern
1600 2546 1655 2604 pro
1674 2545 1714 2589 eo

138 2621 354 2684 conventione
364 2639 377 2690 ;
404 2618 499 2678 imino
527 2613 606 2686 leger
626 2607 698 2684 tpla
718 2607 825 2672 civiles
846 2629 914 2684 pro·
947 2603 1025 2680 quod
1046 2603 1083 2668 bt
1114 2611 1201 2672 iuxta
1230 2605 1438 2687 praeltriptum
1470 2613 1561 2689 legia,
1590 2605 1641 2671 leo
1660 2625 1715 2683 pro

140 2701 209 2770 pile
234 2695 386 2774 loquendo
415 2711 477 2755 nori
501 2685 572 2752 lunt
592 2689 844 2761 conventiones,
868 2704 913 2750 ra·
947 2701 1038 2770 opere
1058 2685 1151 2771 alege
1162 2689 1402 2766 ptaelrripto,ur
1420 2690 1503 2754 loari.
1517 2709 1545 2770 7.
1563 2691 1660 2752 Nemo
1668 2704 1709 2749 tit

138 2773 230 2840 mersi
253 2773 479 2840 conventiones
499 2782 686 2832 concurrant
707 2763 745 2828 ad
765 2763 914 2828 stabilien-
948 2758 1032 2824 vobis
1051 2759 1130 2840 sarit
1161 2766 1270 2842 legem.
1298 2768 1468 2832 Adhibetur
1497 2769 1630 2831 interius
1658 2785 1716 2828 no·

134 2854 213 2918 dam
232 2853 436 2930 legislativum
458 2843 642 2926 porellateru
662 2841 913 2936 ssatur'politici3
949 2859 1019 2902 meri
1036 2839 1109 2917 legit
1126 2861 1178 2916 pto
1194 2843 1374 2925 disciplina,
1393 2849 1442 2910 vel
1461 2846 1619 2924 Religione
1636 2844 1717 2922 tepet

133 2953 215 2996 cum
233 2933 310 3008 apud
332 2929 454 3009 populos
467 2977 476 3004 ,
489 2926 543 2990 ubi
561 2927 645 3003 viget
661 2922 911 2993 dominiumDe·
948 2922 1148 2982 continente:
1176 2921 1233 2984 Sic·
1254 2927 1379 2990 dicimur
1400 2927 1498 3004 legem
1524 2926 1650 3004 gratiae,
1674 2923 1719 2984 le·

129 3013 362 3089 arpocratituiii,
386 3025 422 3074 ut
442 3007 518 3088 olim
536 3005 615 3083 apud
630 3002 781 3079 Graecor,
799 3002 834 3066 ἀ
853 3003 913 3069 Ro·
948 3017 1015 3076 gem
1043 3017 1178 3076 novam,
1206 3003 1302 3084 legem
1331 3004 1586 3068 Christianorum.
1608 2997 1658 3064 'Et
1678 2998 1717 3062 ail

136 3108 275 3167 manos,
295 3087 328 3154 ὅ(
349 3109 431 3153 nunc
451 3089 566 3165 pariter
592 3081 671 3159 apud
691 3080 833 3158 quasdam
859 3102 910 3146 ua·
950 3079 1026 3140 itanc
1055 3085 1264 3154 acceptionem
1298 3087 1434 3161 pertinet
1457 3083 1535 3160 qiiod
1549 3081 1654 3162 aliqui
1678 3079 1714 3140 ll·

134 3174 266 3246 rionee,
286 3169 363 3248 leges
383 3165 476 3234 robur
503 3165 654 3239 accipiant
680 3182 698 3224 a
719 3161 821 3240 populi
840 3183 913 3226 cori·
947 3158 993 3220 bri
1020 3176 1175 3222 vocentur
1195 3162 1268 3240 leit,
1296 3165 1367 3227 litet
1388 3164 1487 3229 multa
1507 3162 1569 3227 alia
1588 3158 1714 3226 tradant

133 3245 248 3324 lenio,
267 3252 316 3312 tui
338 3246 403 3324 poll
427 3265 534 3310 eorum
557 3239 781 3314 iustitutionem
807 3259 913 3318 propo·
941 3254 1061 3311 'praeter
1083 3237 1215 3317 legetur
1239 3262 1265 3304 t.
1286 3244 1409 3307 corint.
1439 3264 1485 3324 ¹4
1513 3243 1652 3306 dieiturt
1676 3243 1715 3302 Iti
1791 3281 1795 3292 .

132 3343 260 3391 uuntur
280 3323 539 3411 aMagiliratibur
560 3341 617 3399 pro
641 3339 746 3384 earum
759 3321 909 3397 opproba·
946 3318 1004 3397 lege
1017 3316 1163 3410 scriptam
1177 3321 1232 3400 ist.
1249 3322 1389 3388 Tandem
1406 3325 1456 3388 lex
1474 3322 1712 3388 vocaturetiam

134 3410 251 3482 tionet
273 3406 312 3470 aii
328 3425 417 3484 quarn
434 3402 565 3470 suflicit.
589 3415 625 3464 ut
646 3403 742 3464 maior
772 3421 839 3476 part
858 3422 911 3477 po·
946 3399 1126 3462 conliitutio
1153 3401 1327 3472 invalidam
1346 3403 1556 3478 contrarium,
1585 3399 1635 3465 vel
1657 3399 1712 3462 ali·

131 3484 205 3562 poli
226 3487 419 3560 conveniat
447 3481 482 3546 ad
506 3474 712 3553 differentiam
730 3485 911 3544 conventio
945 3498 1037 3554 quani
1060 3478 1153 3542 aliam
1179 3479 1346 3559 aliiouem,
1370 3482 1488 3547 etiamsi
1512 3478 1615 3546 forsan
1636 3476 1713 3544 nibil

132 3583 239 3642 nuni,
265 3564 370 3642 quibua
400 3559 594 3632 stabiliuntur
621 3555 814 3635 contrabium
841 3581 911 3634 curri
947 3562 1063 3634 proprie
1080 3561 1279 3637 praeciperet,
1296 3583 1349 3626 aot
1367 3579 1509 3628 vetaret.
1669 3583 1672 3590 ’

133 3643 234 3708 bomo
261 3644 394 3738 relative
415 3642 451 3706 ad
472 3635 568 3736 ipsos,
593 3637 631 3704 aii
653 3635 728 3730 nillil
747 3655 912 3717 teneatur,
985 3639 1052 3702 Lex
1073 3657 1178 3702 autem
1195 3636 1294 3704 liriile
1312 3641 1346 3705 bt
1374 3645 1494 3720 proprie
1518 3655 1642 3716 accepta
1668 3635 1712 3702 eil
1727 3623 1837 3738 ἔξω

132 3723 239 3788 donee
258 3723 319 3788 illis
339 3743 401 3786 uon
423 3718 623 3786 alienentur.
654 3713 768 3795 Diliett
790 3715 912 3782 tandem
947 3715 1203 3794 regulariorum,
1220 3716 1383 3785 secundum
1411 3741 1504 3800 quani
1537 3721 1575 3785 ad
1600 3717 1712 3782 borium
1728 3701 1811 3802 9,pr

133 3801 221 3880 lex,
260 3819 296 3870 ut
322 3804 384 3867 iam
415 3801 604 3877 vidimata
639 3798 734 3874 iure,-
768 3799 909 3874 quamvis
945 3794 1334 3864 diici'riiot&rerrabimur
1360 3823 1376 3865 a
1399 3802 1498 3868 malo.
1524 3801 1566 3865 Et
1594 3801 1625 3861 iii
1655 3799 1800 3868 horrere.

132 3885 190 3966 jur
227 3881 413 3957 aliquando,
439 3876 562 3944 abusive
586 3895 719 3961 raineri,
748 3879 779 3941 iii
805 3875 910 3940 eodem
944 3871 1127 3962 lensuniinc
1147 3875 1184 3938 de
1203 3881 1661 3960 eapertraiiareaggtedimut.
1728 3891 1820 3940 prurit.

134 3956 571 4040 leniuac'Leitaecipiatur‚
595 3956 628 4022 bt
650 3961 910 4034 praeeipuequan·
984 3955 1051 4020 liert
1079 3957 1173 4033 igitur
1205 3975 1330 4036 accepta
1373 3983 1426 4039 pro
1453 3961 1560 4040 regpala
1590 3963 1808 4026 morunt—:apo

134 4040 175 4104 vlo
198 4039 361 4107 adhibetur
379 4037 562 4130 vocabulum
586 4039 659 4100 iuris
687 4038 725 4100 ai
742 4033 909 4117 fignifican·
946 4037 1034 4100 iuxta
1054 4032 1171 4098 le'nlunr
1191 4035 1364 4104 D..Tliom.
1385 4063 1410 4104 ι.
1431 4063 1460 4104 ri
1477 4061 1504 4120 q:
1526 4047 1570 4118 90
1598 4057 1656 4103 art.
1681 4063 1711 4118 4.
1727 4039 1828 4102 ruitur

136 4121 208 4184 iam
230 4117 328 4210 leptim
350 4114 579 4184 tollenonem.
608 4113 657 4208 Et⁸
677 4118 708 4180 iii
735 4115 793 4182 hoc
823 4113 910 4182 senso
945 4136 982 4180 ac
1002 4113 1126 4191 proinde
1149 4135 1209 4180 nori
1233 4116 1287 4183 nisi
1312 4123 1470 4200 agentibus
1493 4126 1616 4186 rarione
1636 4090 1825 4203 μνωξξξξξ

134 4203 256 4274 pariter
276 4198 501 4264 attendendum
516 4193 717 4270 tli,neidea
733 4197 823 4275 Legis
836 4216 911 4263 cori·
944 4193 1015 4258 ditia
1049 4213 1250 4275 competent,
1281 4197 1370 4264 debet
1395 4203 1456 4266 elie
1491 4221 1517 4262 ι.
1550 4196 1710 4276 Ptffibi'lisr
1727 4214 1823 4281 tegla.

135 4275 289 4344 findatur
307 4301 378 4344 cum
399 4273 550 4344 vocabulo
566 4277 639 4338 iuris
656 4294 783 4352 accepto
796 4279 831 4340 in
844 4274 908 4339 len
944 4279 1016 4350 quia
1033 4291 1067 4338 ut
1089 4277 1120 4338 iii
1137 4278 1155 4338 l.
1174 4277 1381 4360 lmtffrlili'itm
1400 4281 1466 4356 185.
1488 4287 1515 4345 §-
1532 4280 1569 4341 de
1586 4277 1710 4356 Repulit

136 4355 171 4419 ln
199 4355 386 4436 segnibtaiiili
416 4345 640 4435 perminorem·
658 4401 670 4432 ,η
698 4354 770 4420 idest
795 4356 908 4432 aliquid
946 4349 1264 4436 iuris.1mpuffili'lt'itm
1280 4358 1568 4439 nallatstobligati'03
1583 4356 1708 4434 EtCap.

139 4439 240 4502 tacite
255 4472 270 4514 ‚·
284 4455 338 4504 aru
359 4435 494 4514 txpttlle
522 4455 539 4498 a
570 4433 636 4512 lege
666 4434 733 4498 lieri
752 4439 907 4512 permitti.
944 4437 1040 4500 Nem
1061 4437 1142 4500 nde
1156 4438 1276 4518 Regalis
1294 4437 1371 4502 i'irri'r
1399 4443 1431 4499 in
1451 4441 1481 4500 6.
1505 4441 1603 4503 Nemo
1622 4440 1709 4520 potest

138 4511 231 4582 Unde
251 4517 373 4594 quaudo
389 4511 635 4590 attimut,quud
660 4533 698 4576 eit
719 4513 873 4582 diviuale
942 4514 986 4580 ad
1013 4513 1171 4596 impunibile
1197 4517 1331 4596 obligari,
1350 4515 1512 4596 strandum
1539 4530 1709 4598 rimaretur

26 4639 27 4644 κ
138 4599 188 4660 iur
209 4593 476 4674 aliquid.faciendi
492 4593 674 4670 babeamus,
692 4613 753 4659 uun
773 4590 860 4660 iecur
883 4617 909 4658 l·
944 4597 1023 4660 Cum
1046 4597 1096 4668 lex
1123 4615 1186 4662 nori
1205 4595 1315 4662 debeat
1338 4601 1501 4679 precipere
1520 4599 1606 4678 supra
1626 4603 1711 4663 viret

136 4675 290 4754 pollicet,
310 4691 345 4742 ac
360 4678 457 4756 legem
477 4675 534 4740 Dei
551 4671 787 4758 becuminem,
803 4671 911 4746 lcum-
946 4691 1065 4741 natutae
1094 4679 1141 4740 ita
1165 4679 1287 4742 ratione
1310 4673 1462 4758 uitiante,
1476 4683 1538 4746 ⁴etii
1561 4679 1714 4743 lexicon·

137 4753 231 4834 teu,
257 4757 332 4826 litet
363 4755 414 4823 lex
443 4757 622 4838 permittent
644 4750 778 4832 teuent
801 4757 912 4836 onitu,
943 4751 1190 4826 iotiuatiiebet.
1212 4755 1314 4822 Debet
1332 4760 1393 4826 elie
1412 4777 1442 4823 a.
1460 4757 1624 4842 leem
1642 4758 1712 4823 itu«
1812 4777 1815 4785 ²

648 4897 674 5048 i
1599 4833 1670 4917 Μ·
