4058 5460
379 225 755 303 ueneritne
794 241 864 296 on
899 182 1179 308 incerere
1220 220 1441 302 Cerilli.
1599 241 1674 325 327
1784 197 1792 240 '³

151 325 196 400 Ψ
214 323 408 410 mmo
428 324 461 390 'l‘
475 319 787 403 WMPWW
813 338 853 385 α
871 318 919 384 ²¹⁴·
964 341 1012 390 Μ
1032 341 1139 400 stares
1152 369 1161 399 ,
1176 321 1210 388 dt
1231 323 1407 404 timorate,
1424 323 1473 390 sed
1492 313 1727 406 iurenrifvant,
1779 339 1789 358 ·

157 409 266 488 nuria.
287 407 380 482 Unde
398 427 469 470 runi
482 423 541 476 et,
558 402 598 466 de
613 401 724 478 *quibus
746 399 917 491 loquutur,
965 403 1096 466 virturis
1118 421 1152 466 ec
1173 403 1288 468 decutit
1310 405 1347 468 ad
1368 401 1516 470 summum
1532 404 1626 480 tepidi
1647 454 1655 484 ,
1677 429 1727 472 ne·

156 507 221 554 non
243 486 405 568 procedant
421 504 462 548 ex
485 485 625 549 Luxuria
647 527 657 556 ,
680 498 737 544 nec
757 497 842 563 curii¹
859 494 926 543 eius
966 500 1017 549 roo
1036 500 1098 542 non
1120 481 1205 544 videt
1229 525 1238 556 ‚
1263 486 1293 542 iri
1315 502 1347 548 re
1377 502 1442 548 torn
1471 482 1588 548 lubrica
1615 505 1653 550 eie
1676 487 1731 552 islo

157 569 318 646 periculo„
336 563 497 633 concludit
517 563 545 628 n
564 563 764 646 Antoninus,
784 555 926 642 insertion
963 562 1083 624 rarione
1101 559 1220 622 iocandi
1242 579 1306 624 nori
1329 581 1437 639 parurn
1462 563 1622 628 imminere
1646 570 1730 640 peri·

156 669 171 712 e
192 670 208 718 t
226 658 358 726 perrara,
378 642 518 724 quamvis
536 641 614 722 peffii
641 647 894 726 venientemque
918 679 926 707 ,
962 639 1046 714 culi,·
1066 658 1103 702 eo
1124 637 1176 702 vel
1199 641 1329 702 maxime
1349 640 1640 719 nundinpencnlts,
1658 646 1728 722 qui-

217 727 296 794 mela
313 723 457 800 orientii,
473 721 613 799 quiahoc
633 719 693 780 erit
706 734 763 791 -pet
778 713 926 806 recidens·
962 715 1207 782 buruoluuterie
1215 721 1402 788 uetuerimne
1414 767 1421 794 ,
1434 740 1495 787 non
1504 721 1633 787 habetur
1642 740 1730 788 certe

158 808 311 874 Advenit
336 820 441 868 tamen
471 805 573 869 citrit.
603 795 728 878 Sylvius
742 831 759 870 .·,
794 814 824 856 m
837 791 927 862 ,bisce
963 797 1027 876 spei
1046 797 1147 860 divini
1168 797 1294 866 aurisii.
1327 799 1431 870 Quare
1449 797 1630 864 confessarii
1649 799 1736 873 rislo

156 885 297 953 omnibus
316 879 502 954 seruandum
522 878 583 952 esse
611 881 751 940 decorum
771 869 925 950 personaet
964 880 995 941 in
1013 872 1093 938 hisce
1117 873 1231 940 casibus
1249 877 1298 958 uti
1312 877 1423 943 debent
1441 872 1604 954 serrum&
1621 900 1731 945 eoma-

156 965 192 1033 ἃ
210 963 379 1030 cavendum
401 958 593 1024 ascandtlo.
612 957 719 1030 Quare
730 970 791 1043 iton
809 967 928 1036 totite-
963 959 1026 1033 gie,
1045 955 1123 1030 quod
1140 954 1221 1030 saepe
1242 953 1349 1030 lupius
1374 975 1430 1040 pto
1452 955 1570 1022 levibus
1588 977 1733 1035 reputan-

160 1050 227 1113 nire
245 1043 369 1110 videtur
387 1035 543 1119 Religiosis
566 1085 574 1112 ,
597 1055 635 1100 ec
648 1033 783 1119 ¹Clericis
805 1029 927 1122 saecula·
964 1051 1033 1108 tui,
1050 1053 1119 1108 uuae
1137 1054 1211 1100 vere
1232 1037 1342 1112 girvio,
1364 1037 1450 1101 suut.

165 1123 247 1200 ribus
271 1171 280 1200 ‚
300 1140 335 1186 ut
357 1119 424 1184 brec
441 1115 583 1195 pretiosio
612 1113 695 1193 sigila
724 1109 928 1202 mullsfl’ffi·
1004 1109 1116 1178 osculo
1137 1133 1175 1178 eii
1193 1131 1277 1180 more
1307 1113 1397 1178 solito
1424 1113 1499 1180 dere
1530 1135 1650 1195 propter
1677 1116 1730 1180 de·

160 1201 297 1282 puellis,
315 1197 435 1264 tametsi
456 1192 705 1274 consanguineis,
724 1205 870 1257 amieittae
893 1207 928 1279 ec
964 1189 1157 1256 sedationem
1176 1197 1355 1276 organicam
1376 1193 1437 1260 sine
1458 1196 1731 1271 periculoulterio·

156 1281 387 1348 benevolentia
408 1275 579 1351 telse‘titur3
599 1276 673 1348 quia
687 1269 828 1332 indecens
844 1265 885 1330 esl
897 1285 928 1357 ¹.¹¹
965 1272 1005 1337 tis
1025 1265 1183 1334 consensui
1197 1317 1206 1348 ,
1221 1267 1292 1338 sunt
1307 1271 1437 1339 eiusdem
1452 1273 1636 1340 conditionis
1656 1324 1664 1352 ,
1695 1295 1730 1341 ue

160 1362 275 1428 tisibus
293 1353 447 1434 personis,
467 1373 523 1416 nec
543 1351 605 1418 sine
622 1347 762 1428 periculo
779 1345 927 1412 semesi.
966 1351 1101 1422 proxime
1121 1366 1214 1414 toret
1234 1349 1393 1426 expolita.
1416 1349 1464 1414 ltr
1483 1349 1573 1420 sentit
1590 1355 1750 1431 llenno,¹

202 1435 340 1502 Tametsi
352 1453 428 1499 vero
440 1453 479 1498 ex
494 1427 623 1508 osculis,
640 1425 824 1501 testibusque
835 1425 929 1488 boue
967 1429 994 1490 S·
1016 1429 1195 1494 Antoninus
1208 1473 1218 1501 ,
1233 1427 1381 1492 Comitol.
1395 1429 1482 1510 Sysv.
1502 1452 1572 1496 cum
1597 1434 1729 1509 pluribus

159 1519 212 1582 ssis
234 1517 334 1591 datis,
357 1511 407 1577 vel
417 1512 546 1586 receptis
566 1507 739 1598 sentientur
749 1520 851 1596 notus
860 1499 928 1566 fen·
965 1509 1056 1574 eliis:
1079 1507 1162 1572 Noni
1183 1525 1218 1576 ur
1241 1510 1285 1572 ait
1304 1509 1449 1592 Sylvius,
1468 1511 1633 1575 intantum
1643 1511 1729 1577 osco-

164 1599 338 1672 siralitttir,
355 1609 410 1656 eut
428 1609 572 1656 veneten
592 1585 821 1660 deledlirioorr,
840 1599 929 1646 uorat
965 1587 1029 1655 lum
1048 1587 1090 1650 ess
1111 1585 1247 1652 mortale
1303 1591 1336 1650 in
1362 1603 1512 1662 quintum
1531 1588 1572 1652 ess
1593 1588 1732 1656 libidino-

167 1675 310 1756 Sylrius,
326 1673 403 1759 quod
424 1669 545 1746 quaudo
563 1665 637 1760 adsit
662 1663 739 1758 insse
758 1663 859 1754 cnolle
879 1661 930 1726 id·
965 1665 1047 1760 lunii
1069 1683 1130 1730 non
1152 1665 1216 1730 tale
1235 1633 1278 1730 esl
1300 1663 1461 1734 secundum
1481 1667 1521 1728 1).
1542 1667 1725 1746 Thornam,

163 1755 225 1820 bue
253 1753 332 1816 liciti
344 1753 411 1816 sunt
425 1796 434 1824 ,
449 1747 656 1814 dummodoin
675 1741 756 1812 lusce
770 1739 930 1832 trieribus,
965 1745 1024 1828 nrlr
1039 1763 1190 1820 quatenus
1210 1744 1248 1808 fit
1264 1767 1334 1816 cuni
1352 1743 1502 1810 consensu
1512 1743 1618 1812 saltem
1634 1752 1732 1812 inter·

163 1831 200 1898 dt
220 1827 467 1902 destitutionibus
488 1830 635 1892 voluntte
652 1843 719 1889 non
737 1819 927 1888 consentiat.
967 1827 1127 1898 preterito
1148 1827 1180 1888 in
1201 1823 1437 1909 desudationem
1467 1829 1585 1902 peceati
1614 1845 1728 1899 morta·

204 1911 234 1971 Si
256 1906 450 1974 veromulier
463 1907 627 1981 advertat,
645 1909 735 1978 eum,
752 1921 843 1976 aquo
861 1917 929 1962 teni
966 1905 1003 1966 lis
1017 1925 1027 1980 ς
1041 1906 1157 1986 etenim
1182 1901 1284 1968 olcult
1296 1907 1466 1982 ingruere,
1481 1905 1598 1979 talliis,
1613 1925 1674 1969 non
1685 1907 1731 1970 se·

157 1991 246 2066 gitur
262 1990 351 2052 iuxta
374 2005 489 2050 morem
515 1985 574 2049 loci
595 1983 647 2047 sub
679 1975 929 2058 ipenthmeua-
965 2003 1019 2046 cur
1039 1985 1068 2045 le
1084 1980 1218 2058 babent,
1238 1984 1315 2045 acin
1335 2001 1447 2059 genere
1462 1981 1595 2060 uspersus
1612 1985 1728 2060 pulcrae
1792 2013 1797 2020 ·

160 2071 234 2144 tir,
267 2065 498 2144 reipsinoreri
519 2061 627 2128 alsedlu
655 2079 726 2140 erga
745 2079 814 2124 erim
836 2058 930 2122 libidi·
966 2061 1124 2136 mulieris‚
1144 2057 1253 2134 ‹iuaesr
1274 2058 1435 2138 aspicietur
1453 2063 1493 2126 ob
1513 2060 1733 2139 sosampuleti·

160 2143 258 2222 noso,
279 2143 312 2210 dc
333 2143 413 2220 quod
437 2141 533 2212 tasson
554 2140 590 2206 sit
612 2140 795 2227 impudicus,
814 2135 931 2203 utsunt
959 2139 1082 2212 ¹tudinis
1110 2138 1369 2219 detestationem,
1395 2138 1574 2206 detestando
1587 2140 1734 2206 concubi·

160 2223 516 2302 ampleruocolumbini,
535 2219 932 2298 sivepiilnni,l1velecreto
969 2238 1035 2287 tuni
1052 2218 1206 2296 mulieris,
1221 2219 1254 2282 dt
1272 2227 1627 2298 quamcrimuuepr'avtm
1642 2221 1678 2289 de
1694 2239 1733 2288 ea

160 2303 224 2368 hor
241 2317 442 2377 attentetur,
461 2301 549 2379 deber
570 2297 600 2364 se
618 2297 792 2364 retrahere:
813 2294 931 2374 quodsi
967 2301 1206 2376 cogitationem,
1223 2296 1432 2373 tesisrspesiiu
1441 2320 1496 2366 nee
1507 2299 1653 2378 includit,
1674 2320 1733 2366 nec

160 2381 260 2448 tostus
279 2381 354 2460 nibil
372 2379 464 2446 babet
482 2377 518 2443 de
533 2379 564 2443 se
584 2378 746 2455 impudici,
766 2378 798 2442 dt
820 2374 932 2442 betse-
968 2377 1124 2441 includere
1132 2375 1230 2452 potest
1242 2375 1482 2444 detestationem
1491 2379 1612 2444 lethalis
1625 2399 1732 2456 pecce-

157 2463 297 2526 eundum
313 2480 427 2524 morem
448 2462 559 2524 Patria
580 2459 644 2531 ,dt
666 2460 758 2533 aliqui
780 2456 837 2519 sint
856 2475 932 2534 prae·
968 2460 1013 2522 ti:
1034 2454 1257 2522 Clitissurenim
1266 2457 1382 2522 Mtttb.
1389 2478 1413 2535 5.
1435 2457 1733 2534 nondiritbnrplici·

161 2537 293 2616 sentes,
314 2559 350 2602 ac
371 2556 501 2613 nequeat
523 2540 643 2600 evitate
663 2555 771 2600 eorum
792 2531 932 2610 suspicio·
970 2553 1035 2610 ter,
1057 2535 1107 2613 qui
1123 2534 1402 2600 videritirrult'erem
1418 2535 1465 2600 sed
1487 2539 1590 2614 addit,
1612 2539 1663 2614 qiii
1681 2537 1732 2602 tii·

165 2639 240 2682 nem
262 2615 282 2678 si
305 2615 334 2680 se
356 2616 512 2690 retrahat,
534 2633 594 2680 oon
609 2632 742 2681 tenetur·
754 2613 783 2676 le
799 2614 932 2676 retrahe·
968 2614 1047 2678 iterii
1061 2612 1213 2679 mullerem
1229 2612 1552 2693 inconcupiscentiam:
1573 2621 1657 2680 enini
1677 2635 1732 2680 ve·

164 2717 223 2778 re,
245 2717 280 2760 ac
301 2695 398 2772 potell
420 2691 621 2758 dissimulate.
652 2694 682 2756 Si
709 2708 812 2758 eutem
832 2693 933 2756 nullus
970 2714 1006 2757 ro
1027 2691 1049 2754 si
1070 2693 1234 2762 venialiter
1264 2710 1386 2756 rantum
1404 2711 1537 2771 peccet,
1566 2699 1617 2771 qui
1633 2716 1733 2760 corne·

159 2775 204 2840 sit
225 2771 355 2850 prfaesens
369 2773 521 2845 declinare
538 2773 626 2838 debet
648 2768 780 2850 rislum,
797 2774 848 2835 seu
866 2791 932 2834 ein·
970 2774 1015 2836 dit
1035 2811 1050 2847 ,·
1064 2787 1117 2834 eut
1140 2769 1214 2834 bibit
1235 2771 1274 2834 ob
1303 2767 1395 2835 sosani
1422 2772 1684 2849 detestationem,
1714 2793 1733 2842 ι

160 2856 317 2934 plexum„
336 2849 456 2918 tametsi
478 2851 514 2914 'de
529 2849 559 2916 se
576 2851 755 2928 honesturn,
768 2850 833 2915 lite
849 2851 879 2914 se
889 2871 934 2912 re·
972 2851 1054 2925 ptri,
1074 2850 1126 2922 qui
1149 2867 1200 2922 per
1217 2847 1309 2912 solem
1337 2852 1510 2926 organicam
1539 2850 1636 2920 ttdlur
1664 2851 1733 2916 luri·

160 2931 318 2998 trahendo
339 2982 347 3011 ,
368 2931 431 2996 sive
448 2935 552 2996 uirum
568 2931 743 3007 repellendo
760 2953 770 3007 ;
795 2929 871 2994 aliar
889 2930 933 2992 tl·
972 2932 1104 2994 ritatem
1124 2925 1300 2992 osculetur.
1323 2928 1401 2992 lteni
1417 2931 1643 3005 iimpleiruenon
1660 2927 1730 2996 sunt

160 3015 263 3076 terius
287 3029 414 3084 peceato
442 3028 658 3089 cooperaretur
680 3055 688 3074 .
714 3012 813 3076 Ctier.
841 3012 932 3086 Arior.
971 3009 1008 3072 de
1026 3006 1057 3070 se
1078 3003 1225 3072 libidinosi
1249 3053 1259 3084 ,
1285 3009 1361 3072 aliie
1389 3026 1552 3086 numquam
1583 3011 1731 3074 licerent.

168 3092 260 3174 Sylu.
283 3091 379 3156 Tour.
973 3087 1067 3154 Tulei
1082 3089 1165 3150 enim
1181 3083 1260 3154 bunt
1275 3105 1315 3150 ex
1336 3089 1531 3164 intentione,
1547 3087 1579 3154 dt
1598 3087 1732 3164 periculo

183 3203 659 3370 'listronensis
678 3205 916 3364 sititis*
971 3163 1732 3324 dissoluuntur„reru

339 3385 406 3428 cum
425 3367 613 3430 detestatione
623 3365 773 3448 seffori,
882 3416 883 3419 Ἴ
940 3361 942 3368 ’
970 3345 1009 3419 ‘³‘
1025 3324 1177 3417 pmpltxts
1196 3319 1494 3400 faernnrbanitaris,
1516 3342 1570 3388 aut
1598 3326 1732 3388 charita·

878 3455 882 3467 ,
973 3423 1012 3470 tir
1035 3405 1293 3482 {terrariorum
1314 3405 1364 3481 qui
1385 3401 1508 3486 prtecise
1530 3407 1591 3482 agir
1608 3421 1732 3482 propter
1848 3477 1850 3484 y

211 3477 352 3558 Olcula,
380 3477 413 3544 dt
441 3479 591 3544 riesisse
617 3477 647 3542 se
668 3475 871 3544 boueslisrsli
895 3499 934 3544 eir
969 3505 1069 3550 eim..
1819 3540 1823 3546 .

157 3579 252 3644 mera
272 3559 406 3625 levitate
430 3608 437 3636 ‚
464 3562 532 3625 ioco
555 3607 563 3634 ,
588 3579 624 3624 rie
652 3556 741 3622 simili
768 3558 826 3621 eliu
852 3557 935 3622 crul-
1010 3563 1091 3630 ltem
1111 3561 1273 3626 deledlatio
1293 3561 1461 3638 sensibilis,
1487 3582 1579 3639 quem
1601 3565 1683 3639 parit
1699 3584 1733 3629 o·

155 3641 227 3716 sa,
266 3641 353 3706 iuxta
386 3637 484 3716 plures
514 3659 575 3702 non
598 3637 752 3704 excedunt
783 3638 935 3712 veniale,
972 3639 1080 3706 scultri
1103 3637 1265 3704 effessuose
1285 3657 1406 3706 teneras
1427 3639 1591 3706 insontium
1609 3661 1734 3720 carnee,

159 3717 333 3782 dummodo
360 3734 466 3784 timeri
490 3739 565 3784 non.
579 3715 653 3783 adsit
684 3713 806 3780 assessus
836 3715 933 3780 libidi·
972 3717 1133 3784 dummodo
1153 3737 1256 3780 tamen
1274 3719 1330 3783 lioc
1352 3718 1408 3786 brit
1433 3720 1497 3784 sine
1519 3739 1614 3797 prava
1632 3723 1734 3789 inten-

160 3793 286 3872 nosui,
316 3815 351 3858 ac
381 3801 483 3875 gravis
512 3802 629 3875 perciti
654 3797 846 3875 periculum,
871 3794 933 3859 sirie
972 3796 1129 3874 tione,&
1186 3798 1283 3860 ritulo
1305 3843 1313 3872 ,
1338 3797 1388 3864 ves
1413 3801 1535 3864 nullutn
1558 3797 1600 3862 ess
1630 3819 1734 3874 peret·

158 3881 198 3938 in
232 3871 292 3949 se,
322 3871 385 3936 sive
416 3880 450 3938 in
477 3877 567 3954 alio,
601 3891 659 3944 ner
687 3876 935 3940 habitatatione
971 3896 1055 3954 tum,
1076 3875 1127 3940 vel
1158 3877 1251 3942 altem
1273 3873 1368 3941 solum
1385 3879 1526 3954 veniale,
1549 3882 1592 3942 ait
1609 3878 1734 3958 Hermo,

164 3950 369 4029 personarum
389 3952 621 4020 constitutionis
644 4003 652 4032 ,
672 3975 835 4020 veneream
855 3974 936 4018 eom·
969 3953 1093 4022 temetsi
1110 3975 1174 4018 tion
1194 3951 1249 4018 bat
1271 3955 1333 4018 siue
1349 3953 1552 4022 detestatione
1572 3953 1699 4020 sensibili
1722 3977 1732 4022 ι

31 4025 35 4029 ’
158 4032 339 4098 motionem
359 4031 672 4109 rnulrtinieucitent3
701 4035 738 4098 ab
762 4033 935 4098 bittinum
971 4037 1094 4099 Etenim
1124 4033 1208 4098 eliud
1243 4033 1286 4098 est
1318 4054 1407 4113 rigere
1432 4055 1503 4100 curn
1534 4033 1734 4100 deledsatione

160 4129 266 4202 itarite
291 4107 323 4174 δι
347 4105 452 4174 severe
474 4111 699 4177 abstinendum.
723 4113 807 4178 Nem
837 4113 935 4189 quood
971 4112 1128 4190 sensibili,
1154 4131 1247 4189 quani
1264 4113 1428 4180 necessario
1457 4117 1578 4191 pariunt
1600 4115 1734 4188 qualite·

162 4209 297 4267 -pnmain
319 4189 592 4278 partem-prodidi
615 4193 790 4269 einplerrus,
807 4189 936 4269 oscula,
972 4212 1018 4260 tes
1036 4213 1107 4270 quae
1123 4190 1557 4269 corporsiuieonnelsnnrnr,
1576 4193 1656 4254 aliod
1668 4211 1734 4267 pro·

163 4265 232 4332 dre.
250 4269 374 4342 quando
395 4267 468 4334 absit
490 4267 612 4334 assellus
635 4271 826 4348 libidinosus,
851 4293 886 4336 ric
904 4291 937 4334 e·
973 4291 1041 4350 pter
1056 4273 1301 4348 eandem'agere
1322 4295 1332 4349 ;
1352 4272 1386 4336 δι
1404 4270 1569 4348 propofirio
1589 4273 1735 4334 damnate

157 4347 283 4412 iisdem
303 4349 490 4426 periculum,
509 4371 571 4414 non
594 4347 751 4418 suntmeli
774 4352 936 4416 secundum
971 4356 1052 4418 eirca
1082 4348 1316 4416 detestationem
1339 4351 1511 4426 carnalem,
1538 4348 1735 4426 intelligendu

169 4429 222 4502 le,
240 4425 428 4504 deseviret,
446 4449 482 4493 ac
499 4431 736 4505 incusatione
758 4427 937 4506 huiusmodi,
971 4430 1037 4507 ess,
1061 4447 1125 4493 non
1145 4429 1417 4496 decimatione
1437 4426 1586 4504 sensibili,
1612 4423 1660 4490 sed
1681 4447 1736 4492 ve-

159 4503 244 4570 nslui
262 4504 298 4566 de
322 4507 351 4570 se
368 4505 491 4572 honesso
512 4529 572 4574 non
594 4507 715 4585 possunt
730 4513 936 4572 comeiuniei·
972 4529 1064 4574 nerea
1084 4557 1092 4584 ,
1116 4507 1149 4572 bt
1168 4506 1233 4570 nne
1254 4505 1295 4568 esi
1324 4509 1376 4570 issa
1396 4506 1559 4570 desedlatio
1578 4552 1586 4580 ,
1607 4525 1676 4582 quie
1698 4505 1735 4574 ab

160 4606 201 4650 re
223 4585 319 4648 talem
338 4587 660 4666 turpitudinemque
678 4587 855 4652 edmorrtle
871 4607 936 4664 per·
972 4585 1121 4662 Apossolo
1147 4602 1277 4650 vocatur
1307 4583 1502 4648 immunditie
1527 4585 1688 4648 excludent
1718 4605 1735 4649 t

159 4667 191 4732 ti
203 4681 296 4742 ngat.
318 4663 430 4739 Quoad
445 4667 606 4734 secundam
624 4689 699 4738 veto
714 4683 833 4742 partem
845 4714 855 4741 ,
868 4687 937 4738 etim
974 4687 1067 4745 regno
1083 4666 1160 4728 Dei.
1183 4663 1260 4747 ldiee
1281 4683 1361 4727 veto
1382 4663 1459 4730 dibla
1480 4663 1537 4730 sint
1560 4685 1616 4740 pro
1632 4664 1735 4740 regula

160 4745 210 4814 od
233 4738 383 4894 eilstmdl
398 4744 479 4821 lusui
496 4769 562 4820 riou
585 4747 615 4816 se
644 4748 815 4818 extendent
837 4745 937 4825 perso·
974 4763 1097 4814 tunium
1124 4745 1163 4812 ad
1179 4739 1613 4886 discernendaYosculri,sieuti
1642 4745 1736 4812 etiaru

288 4841 343 4887 om·
383 4867 390 4885 .
1016 4879 1021 4886 .
1211 4883 1217 4896 ,
1629 4840 1694 4886 em·
