4030 5452
368 204 417 302 38
616 193 796 266 Tutor.
821 209 880 264 ne
907 188 1101 267 Aorrnus
1130 187 1351 264 Hominis
1373 187 1483 267 Car.
1508 177 1580 266 tii
1687 213 1693 228 ·

317 305 467 370 rnaiorenr
493 289 690 372 consequitur
714 285 864 368 studium,
890 290 973 366 quiav
995 283 1077 355 aslue
1116 284 1180 353 srve
1196 304 1247 362 per
1262 285 1502 366 eccidene,srve
1518 292 1688 356 etiamnon
1701 285 1872 377 cresceret,

233 411 238 420 ·
316 383 457 450 exterior
477 376 651 444 bonitatem
677 373 857 436 interiorem
887 388 941 447 per
968 361 999 435 se
1025 377 1091 431 ιιι(
1119 365 1233 443 semper
1252 365 1412 432 dicendum
1432 369 1498 447 eli,
1518 367 1582 446 plur
1601 369 1674 434 meli
1694 391 1765 436 eum
1781 365 1872 436 iecit·

355 456 474 540 ar,·sed
492 458 563 533 quia
583 454 683 533 gratia
702 470 740 515 err
756 468 847 528 opere
861 464 992 530 operato
1011 466 1080 525 pro·
1118 444 1148 512 le
1167 448 1218 524 qui
1233 465 1326 524 opere
1345 466 1503 522 peccarunt
1518 445 1760 527 consummavit,
1778 467 1874 528 quern

333 545 435 606 uitex
466 535 701 614 participatione
729 529 901 594 divinorum
999 529 1081 592 erio·
1115 529 1256 603 cuniqui
1277 523 1392 592 insola
1422 529 1588 595 voluntate
1616 528 1691 594 illud
1721 530 1871 598 retinuit.

316 613 408 696 rum,
437 613 513 680 idest
543 613 636 677 sacrae
662 611 822 694 Synarisq
850 627 907 685 qua
979 603 1081 670 osrone
1117 605 1156 670 Er
1175 623 1262 670 certe
1280 605 1348 682 plur
1364 609 1435 672 mali
1457 605 1532 674 serit
1552 613 1603 686 qui
1624 623 1871 687 peccatumope·

316 713 423 766 carent
455 698 505 772 qui
531 687 781 756 adsacramenra
813 706 881 752 non
901 685 1078 752 accedunt.
1115 705 1149 750 re
1164 680 1409 765 oonsummavir,
1430 707 1494 752 non
1528 693 1601 766 quia
1626 689 1715 766 plura
1745 687 1869 752 curmi-

317 776 403 844 edii
420 791 526 854 autem
535 770 612 849 quod
621 765 757 834 subditur
765 766 803 832 de
812 768 952 846 martyrii
962 765 1082 829 laureo·
1116 761 1188 830 serit
1203 768 1350 844 crimina,
1370 763 1419 832 sed
1439 771 1509 845 quir
1528 786 1688 847 peccatum
1708 767 1869 832 mentein·

317 857 370 934 lc,
389 852 568 928 dicendum,
587 847 761 918 laureolam
789 867 853 914 non
879 846 1082 922 requireren-
1116 862 1166 910 tur
1200 862 1384 922 conceptum
1411 851 1565 914 exteriore
1588 845 1867 926 asle-complevit.

317 927 397 1000 dum
419 933 514 1012 magis
543 929 753 1014 meritorium,
777 921 825 992 sed
851 927 945 1005 magia
974 941 1083 1001 poena·
1115 925 1221 1003 Quare
1244 921 1279 990 dt
1306 927 1419 1005 gratias
1449 923 1518 993 Deo
1546 928 1670 994 reddere
1702 923 1874 1004 debemus,

317 1013 411 1080 lem:
441 1013 513 1088 quia
543 1028 711 1090 congruum
736 1003 780 1070 eil
800 1024 836 1072 ut
860 1003 971 1148 zifuali
997 1001 1082 1068 labo·
1114 1009 1166 1083 qui
1188 1001 1366 1082 quandoque
1388 1005 1546 1082 voluntati
1577 1005 1687 1077 nostre
1707 1008 1740 1068 in
1762 1023 1870 1083 pecca-

317 1094 360 1158 ris
393 1092 605 1169 experimento
632 1083 753 1165 aliquod
789 1081 916 1172 speciae
948 1081 1082 1177 solantem
1116 1101 1183 1150 tum
1204 1081 1361 1162 propensae
1377 1084 1569 1152 occafioncm
1578 1086 1747 1165 complendi
1791 1085 1875 1150 crati

319 1189 376 1238 aut
392 1170 483 1236 decus
499 1164 698 1246 respondeat.
716 1163 806 1232 Unde
822 1166 899 1242 laepe
907 1179 1081 1240 contingit,
1115 1159 1348 1230 misericorditer
1384 1163 1530 1231 subtrahit
1568 1166 1685 1245 (sicuti
1725 1180 1872 1230 amorrer

317 1271 393 1334 opus
412 1250 508 1330 magia
523 1248 716 1312 meritorium
736 1243 797 1310 effe
825 1247 924 1308 minus
952 1235 1081 1306 laurita
1116 1241 1509 1312 curcuiirieocniarienirs
1524 1246 1715 1324 Cenonrv.)
1735 1243 1815 1321 quod
1823 1261 1876 1308 et·

319 1327 471 1398 scorium:
509 1325 675 1403 roindeque
691 1319 858 1392 satissaslio
886 1320 921 1389 dt
941 1318 1080 1416 laureola
1117 1326 1179 1388 iam
1198 1322 1368 1392 ostenditur
1388 1324 1529 1406 exemplo
1555 1325 1703 1405 Daldis,
1731 1326 1781 1400 qui
1807 1342 1875 1402 gra-

319 1409 411 1476 ficuti
430 1428 494 1474 nou
510 1402 580 1472 sunt
595 1407 720 1472 maioris
735 1406 840 1470 meriti
856 1400 1030 1468 ellentrnlra
1045 1396 1082 1462 ii·
1116 1405 1177 1468 rias
1198 1402 1328 1468 reddidit
1349 1403 1434 1482 Deo,
1455 1409 1543 1470 cuiue
1557 1404 1751 1484 providentia
1767 1423 1804 1467 ac
1818 1399 1877 1464 dis·

339 1483 856 1634 ”irremunerati
872 1485 1082 1640 lrl‘nu
1115 1479 1457 1642 unii
1482 1480 1878 1641 interluit:

237 1639 243 1648 ’
318 1650 418 1714 ternio
436 1667 504 1712 non
517 1645 650 1714 iudicat.
671 1643 754 1710 Deus
773 1659 880 1710 autem
898 1643 951 1720 qui
968 1641 1083 1706 scruta·
1117 1641 1306 1730 uusqinquir
1317 1639 1474 1719 ,Dumium
1491 1641 1674 1722 quiscrvutrr
1685 1641 1876 1721 farmalio·

318 1747 372 1793 rur
397 1745 485 1792 renes
512 1723 547 1790 ἃ
573 1721 695 1802 corda,
729 1743 791 1788 non
820 1724 938 1788 minore
967 1717 1081 1786 afficiet
1115 1721 1198 1787 divit
1213 1742 1232 1784 a
1250 1720 1346 1787 nato.
1363 1719 1388 1784 l.
1410 1721 1486 1802 Reg.
1507 1742 1571 1802 cap
1589 1739 1666 1789 xxv·
1688 1721 1737 1787 Sic
1755 1717 1874 1788 Estiue.

317 1825 412 1886 prena
442 1803 643 1872 voluntatem
671 1799 831 1868 efficacem
861 1800 956 1879 mali,
990 1821 1081 1877 quarn

290 1911 292 1918 '
319 1885 420 1964 operis
435 1885 671 1950 executionem:
693 1884 761 1958 quie
783 1879 860 1961 apud
874 1899 947 1946 eum
966 1881 1081 1945 volun·
1434 1889 1462 1948 §-
1479 1877 1553 1948 lll.

318 1959 447 2108 ruit
465 1959 1081 2120 iin¹⁶rrrr‘u?r÷:t.⁸ile¹⁶ll³:
1175 2007 1219 2069 »e
1234 1995 1456 2082 creantur
1471 2001 1589 2065 ou
1605 1996 1889 2078 unm...

320 2123 353 2187 si
371 2121 422 2188 tui
439 2120 532 2187 etiarn
552 2143 607 2186 nott
623 2119 770 2203 continget
788 2119 921 2203 facultas
950 2139 1081 2186 corrm-
1150 2115 1401 2184 circumstantie
1416 2109 1636 2191 suntquaedaro
1650 2118 1876 2188 moralercon·

319 2199 406 2267 knut
420 2220 487 2266 cum
505 2199 621 2282 coniuge
639 2199 757 2279 essene,
770 2202 893 2281 plenum
909 2212 1008 2267 tmen
1023 2201 1082 2264 ali·
1115 2197 1269 2283 ditiones,
1287 2217 1354 2274 quae
1371 2193 1453 2260 ellus
1469 2191 1617 2258 humanos
1633 2199 1824 2264 comitantur
1839 2201 1877 2267 dr

319 2283 375 2367 qrr'o
390 2279 472 2346 modo
480 2281 522 2361 fit
538 2279 573 2344 itt
584 2300 651 2346 euru
667 2297 786 2361 cupere,
801 2275 843 2348 (ἲ
851 2281 879 2361 fi
894 2280 1014 2362 potestas
1029 2281 1083 2344 dt·
1116 2277 1321 2354 modificant,
1346 2274 1381 2344 dt
1404 2273 1536 2339 multum
1564 2271 1728 2343 conserunt
1749 2279 1786 2344 ad
1805 2281 1878 2344 red·

148 2385 151 2390 ¹
188 2377 237 2738 ζ
294 2361 395 2441 itur,
422 2357 479 2519 sse,
495 2357 678 2442 sarlatum,
712 2383 769 2425 non
791 2346 892 2437 nidmu
918 2381 987 2424 reus
1015 2360 1083 2443 est,
1117 2357 1230 2424 dendus
1251 2353 1383 2422 essiones
1409 2353 1557 2421 humanae
1583 2351 1676 2420 bonae
1696 2355 1729 2424 dr
1750 2357 1879 2422 nralas:

320 2459 411 2518 quam
466 2437 576 2532 inipso
586 2437 671 2532 satin
685 2439 998 2521 deprehenderetur„
1118 2455 1154 2504 ut
1171 2437 1422 2515 lorur,rernpus,
1438 2428 1695 2512 personamus
1711 2435 1773 2506 &n
1789 2436 1879 2502 Nam

287 2573 292 2580 .
337 2518 431 2590 ,Nec
452 2536 567 2596 pariter
583 2515 688 2583 rnserri
707 2517 826 2598 porris,
862 2519 963 2598 aslum
979 2535 1084 2586 exter·
1117 2515 1352 2596 circumstantiae
1375 2507 1491 2592 septem
1500 2511 1817 2594 mlqoreceuieumr,
1836 2534 1877 2581 ut

242 2631 257 2670 q
320 2616 396 2664 nuru
423 2597 523 2662 maliti
607 2599 764 2666 'terioris
790 2617 921 2676 augere,
949 2618 989 2665 eo
1012 2601 1083 2677 quia
1121 2600 1155 2662 in
1175 2593 1314 2674 sequenti
1331 2589 1438 2662 versu.

320 2695 383 2742 non
399 2669 472 2742 satis
488 2675 525 2740 lit
542 2677 640 2756 aperit
673 2677 706 2742 in
720 2673 908 2746 conselsrone
925 2674 1020 2744 solum
1035 2684 1083 2744 in·
1199 2673 1297 2756 Quis,
1317 2675 1391 2754 quid
1400 2725 1409 2756 ‚
1428 2675 1498 2758 ubi,
1518 2671 1621 2752 quitus
1636 2671 1784 2756 curtiliis,
1801 2693 1880 2754 rur,
2002 2737 2005 2746 .

325 2774 449 2823 ternum
473 2751 599 2833 astum,
617 2779 658 2833 qu
678 2755 740 2826 udo
757 2755 1003 2826 consummatum
1022 2755 1082 2826 stu't
1138 2822 1141 2834 ,
1240 2757 1398 2840 quomodo,
1415 2763 1549 2838 quando.

320 2854 376 2916 per
394 2851 578 2913 externum,
593 2833 645 2904 sed
665 2831 779 2918 semper
799 2855 965 2906 externum
983 2835 1084 2906 fitex·
1119 2835 1274 2904 Dicuntur
1313 2838 1550 2906 circumstantiae
1585 2833 1718 2912 cenitari
1743 2838 1840 2904 uum
1868 2851 2005 2905 :circum

320 2912 525 3008 ponendum,
577 2914 679 2982 uatrdu
695 2917 848 2994 petatium
877 2916 970 2986 suerit
1000 2941 1011 2984 r
1038 2926 1083 2984 ira
1120 2919 1192 2995 quia
1210 2919 1308 3002 omnir
1328 2913 1410 2982 essue
1430 2916 1467 2982 fir
1487 2918 1525 2983 ab
1543 2917 1648 2991 aliqua
1664 2911 1789 2992 persone
1800 2936 1813 2990 ‚·
1841 2914 1878 2978 δι
1898 2915 1987 2988 tantia

320 3012 358 3062 ut
378 2991 453 3060 satu
473 3015 537 3060 non
557 2937 594 3088 stt
615 2993 714 3060 dicere
733 2993 764 3062 se
784 2997 922 3064 habuisse
941 2996 1085 3068 efficacis·
1120 2993 1164 3060 eil
1185 2993 1283 3133 qum
1295 2991 1448 3081 ¹versatur
1461 2999 1544 3060 cirea
1571 2994 1690 3068 aliquod
1706 2991 1878 3080 ebieslunrj
1891 2990 2008 3090 Μ”ἇζ

207 3151 215 3160 .
320 3069 430 3144 fimum
450 3072 626 3138 defiderrurn
647 3072 684 3139 de
714 3075 867 3145 adulterio
895 3079 929 3144 de
957 3078 1084 3142 homici-
1121 3074 1155 3138 dr
1174 3077 1203 3135 el
1236 3071 1339 3150 Quid.-
1362 3071 1400 3134 fir
1419 3074 1452 3134 in
1468 3072 1571 3146 aliquo
1586 3073 1676 3145 loco,·
1698 3068 1732 3134 &
1746 3065 1789 3134 0st
1805 3065 1884 3134 Usu
1902 3057 1986 3157 22¹2..

321 3153 394 3228 dio,
416 3147 464 3214 sed
480 3151 568 3228 ipsius
588 3151 734 3218 adulterii
763 3149 798 3220 dr
827 3157 980 3220 honricidii
1007 3169 1084 3227 con-
1121 3151 1221 3236 aliquo
1227 3145 1431 3236 instrumento
1448 3153 1633 3230 exequitur,
1647 3145 1683 3212 dr
1701 3147 1745 3212 eil
1765 3145 1883 3230 Quibus
1900 3184 1963 3221 ror.
2010 3207 2011 3210 ,

323 3227 491 3324 summario
510 3229 691 3321 apperienda
714 3227 751 3294 sit
769 3277 779 3308 ,
797 3229 821 3294 st
850 3227 932 3300 forre
949 3234 1084 3326 contige·
1121 3223 1315 3320 curriturque
1330 3225 1371 3290 ob
1379 3227 1512 3305 aliquem
1520 3227 1614 3296 finem
1625 3227 1677 3306 3&
1688 3225 1731 3292 est
1742 3229 1826 3304 cur(
1842 3228 1885 3294 de

322 3325 383 3372 rit.
406 3308 487 3380 Quia
503 3327 565 3372 non
584 3305 653 3371 rdeo
669 3313 993 3394 tenemuraperirern
1007 3332 1085 3376 eon·
1121 3327 1181 3384 qua
1213 3304 1424 3372 circumllntia
1441 3347 1464 3388 ,·
1477 3327 1587 3388 utpote
1606 3327 1673 3387 quae
1704 3311 1820 3385 pariter
1834 3307 1883 3374 esi

322 3383 447 3451 sessione
469 3383 567 3450 osium
584 3404 767 3468 externum,
786 3391 995 3466 quia’inrerni
1021 3411 1085 3456 rua·
1121 3407 1218 3452 unum
1243 3406 1283 3451 ex
1305 3383 1522 3465 specificativis
1548 3431 1551 3442 ·
1577 3409 1613 3454 ut
1638 3389 1700 3452 iam
1724 3387 1886 3464 diximus,
1975 3435 1977 3440 ,

322 3461 433 3559 sitiam·
447 3484 557 3560 augeat
566 3513 577 3544 ,
602 3465 693 3538 modo
709 3467 815 3536 malus
835 3467 874 3534 srr
900 3465 965 3536 sive
992 3471 1084 3536 deno·
1122 3467 1241 3534 aeuum
1256 3465 1477 3547 humanorum,
1492 3439 1561 3547 sose
1576 3466 1655 3536 insta
1671 3487 1793 3547 agemus
1805 3468 1819 3542 )
1829 3465 1884 3530 ha-

323 3563 494 3639 mrnatrone
521 3542 704 3625 intrinseca,
728 3566 763 3612 ut
787 3549 908 3625 quando
933 3550 1083 3616 malitiam
1121 3547 1172 3614 bot
1196 3551 1291 3620 etiam
1313 3545 1399 3618 suum
1425 3550 1550 3614 modum
1583 3569 1644 3628 qun
1674 3545 1740 3624 fir,
1763 3541 1882 3610 scilicet

322 3628 434 3704 recipit
444 3623 523 3691 astro
531 3623 648 3690 obsesso
680 3623 1084 3708 ropriircircumllanriises-
1121 3625 1273 3696 intensive
1298 3629 1350 3692 vel
1374 3627 1517 3708 remilse;
1535 3627 1570 3696 δι
1592 3629 1636 3694 eil
1656 3625 1821 3707 Quomodo:
1843 3621 1916 3690 tin·

323 3697 404 3798 sesso
424 3727 434 3783 ,·
457 3701 520 3772 sive
549 3648 720 3784 eqtrinsdca
752 3727 770 3774 a
798 3709 919 3774 malitia
935 3713 1081 3776 interiore
1122 3707 1246 3775 tandem
1266 3711 1370 3784 aliquo
1390 3727 1527 3786 tempore
1538 3730 1550 3783 ;
1572 3708 1605 3774 ἃ
1626 3707 1669 3772 cll
1691 3705 1839 3794 Quando.

323 3801 502 3863 petrta,ut
521 3783 840 3862 quandoafinernalo
856 3793 973 3869 agentis
991 3793 1084 3856 virio-
1160 3787 1316 3855 Dicuntur
1349 3787 1697 3856 etiamcircumltantie
1713 3787 1885 3866 morificate
1915 3778 2008 3854 ¹2¹¹*

322 3851 451 3928 litarem
468 3867 652 3942 participat:
669 3863 718 3928 sed
733 3867 804 3942 quia
833 3887 1001 3954 qaeceprurtp
1011 3889 1084 3935 con·
1124 3868 1273 3934 moraliter
1296 3871 1393 3934 atium
1416 3866 1605 3932 humanum:
1632 3869 1705 3947 quir
1732 3863 1882 3932 diversam
1901 3846 2008 3960 “zdik'?

322 3932 462 4034 frffionir
482 3941 628 4037 abstrahit
649 3942 687 4008 ab
707 3889 841 4012 eourrde
868 3949 991 4014 malitia
1016 3969 1084 4028 pro·
1123 3949 1274 4013 rationem
1294 3943 1396 4014 srves
1427 3949 1505 4012 ciem
1533 3949 1584 4012 vel
1608 3947 1734 4029 gradum
1760 3923 1978 4030 morali-221¹.

324 4038 436 4114 vemt,
455 4019 489 4086 dt
509 4021 637 4098 quodvu
662 4045 738 4116 opus
766 4026 883 4092 nulum
908 4032 1084 4107 praecipitur
1122 4047 1171 4094 ter
1182 4023 1346 4094 conserunt
1359 3967 1436 4092 adsi
1452 4025 1605 4108 humano,
1625 4025 1789 4094 secundum
1799 4023 1885 4102 quod

324 4099 541 4192 aperiendum.
564 4099 604 4166 Er
624 4101 827 4170 huiuscemodi
847 4108 986 4174 divinum
1010 4131 1083 4186 prae·
1122 4103 1245 4171 diversis
1262 4109 1371 4188 regulis
1387 4128 1506 4172 morum
1522 4109 1589 4186 plur
1608 4102 1747 4172 minusve
1766 4123 1883 4170 conve·

323 4197 470 4262 ceptum,
496 4201 558 4258 quo
586 4201 728 4248 tenemur
755 4185 908 4261 explicare
936 4205 1084 4254 externos
1123 4191 1190 4251 nit.
1212 4187 1762 4256 Circumstrntiaeautemdiilenriunt
1801 4183 1884 4249 unde

324 4258 410 4327 atius
427 4265 458 4326 in
473 4257 688 4356 sacramentali
704 4257 906 4356 confeffione,
922 4285 1084 4346 perpetuus
1123 4261 1258 4334 afferunt
1279 4265 1356 4332 actui
1376 4267 1511 4332 humano
1531 4268 1582 4332 vel
1603 4261 1752 4332 diversam
1768 4233 1885 4342 specili-

325 4331 466 4435 Ecclesrfoe
488 4338 718 4435 usudrpraxra
758 4341 1085 4413 rtrisnnedomonilra·
1123 4367 1182 4426 ce,
1199 4347 1249 4411 vel
1266 4351 1417 4414 maiorem
1435 4365 1555 4412 tanturn
1565 4364 1619 4411 aut
1629 4349 1778 4410 minorem
1796 4337 1885 4406 boni·
1977 4379 1995 4418 q

230 4473 243 4486 ,
324 4437 397 4494 rur,
420 4417 545 4498 eiusque
560 4438 644 4496 ratio
667 4419 699 4486 lu
736 4429 817 4489 ciens
836 4423 879 4490 esl
901 4427 1083 4506 legislatoris
1103 4485 1107 4498 ,
1125 4445 1222 4492 tatem
1237 4425 1289 4493 vel
1297 4427 1464 4494 malitiam.
1476 4427 1523 4489 Sic
1538 4428 1660 4491 rarione
1676 4419 1811 4505 persona
1819 4419 1893 4496 [pez¹

325 4495 496 4593 voluntas,
516 4522 582 4576 quae
598 4520 779 4578 peccatores
801 4505 838 4570 ad
858 4505 922 4570 talc
937 4528 1015 4572 onus
1035 4507 1085 4570 ad·
1101 4515 1107 4588 ξ
1123 4511 1184 4572 ciet
1194 4507 1320 4573 malitiae
1337 4505 1613 4586 peccaticarnalir
1634 4507 1667 4570 in
1685 4499 1808 4585 persona
1819 4499 1887 4566 Deo

325 4573 484 4671 liuntur.
513 4578 566 4644 lta
600 4581 631 4644 P.
660 4581 899 4650 Contensonus.
936 4587 1084 4651 Ceterum
1101 4587 1108 4676 ξ
1126 4585 1228 4658 dicata
1244 4609 1295 4668 per
1313 4607 1424 4654 votum
1440 4582 1557 4651 diversa
1575 4582 1617 4650 est
1638 4607 1673 4652 ac
1693 4591 1724 4648 in
1748 4579 1887 4659 simplici·

325 4671 655 4804 ἓιιοιιιαωρκιετηυιιι
673 4683 749 4742 opus
765 4684 923 4742 peccatum
938 4663 999 4742 eil,
1014 4667 1084 4734 hinc
1103 4677 1174 4733 iter
1197 4664 1363 4745 seculari,
1389 4662 1511 4732 diversa
1536 4668 1570 4730 in
1599 4665 1771 4747 coniugatio
1798 4682 1833 4726 ac
1853 4663 1887 4724 in

356 4755 393 4806 ve
412 4739 573 4820 peripsum
601 4741 715 4814 crescat
744 4745 917 4820 voluntaris
944 4741 1110 4832 malitia,'
1122 4743 1256 4829 personia
1282 4749 1384 4818 liberie
1400 4769 1411 4831 ς
1430 4741 1549 4816 diversa
1575 4739 1842 4818 rationeobietli,
1864 4735 1886 4804 st

1800 4841 1848 4890 rer
