4058 5460
399 229 853 299 Tnncantuena
887 219 1169 300 Pacensis
1210 221 1329 297 Cute
1354 219 1401 296 ll.
1448 273 1454 284 .
1556 245 1641 318 277·

123 349 203 400 vat.
220 331 270 398 uc
282 329 317 392 iu
332 326 402 392 aliis
416 320 693 391 casibmdioendum
709 317 772 384 eli.
795 317 842 380 lta
851 315 891 380 D.
928 312 1060 408 lintrem,
1080 339 1149 396 que
1166 323 1229 383 iam
1250 325 1279 384 in
1301 319 1405 386 caussa
1424 319 1567 399 culpabili
1588 320 1695 396 suppo·

128 415 268 478 'rhomae
283 429 311 486 q.
332 425 362 468 ι.
382 407 422 471 de
440 405 535 483 mse,
555 421 613 466 act.
641 421 667 464 ι.
688 400 728 462 ad
743 417 773 478 7;
805 395 894 459 Unde
930 395 1115 473 nitur,·esse
1135 400 1317 476 culpabilem
1332 403 1428 464 etiam
1452 404 1486 464 in
1509 401 1559 479 se,
1575 403 1696 478 quando

29 547 30 552 ,
126 497 226 562 etiam
253 489 313 553 boc
337 485 451 566 ipsum,
470 483 558 560 quod.
580 479 621 544 esi
646 478 771 543 laudare
795 478 894 540 Deum
930 493 1017 555 urget
1037 495 1252 554 preceptum,
1280 480 1402 546 canem
1430 497 1506 545 tunc
1532 485 1694 560 contingat

125 591 201 650 ore,
220 564 320 648 potest
339 566 418 630 male
440 563 528 640 lieri,
545 561 568 624 st
587 561 646 624 boc
675 560 745 634 quie
776 553 894 632 saciat,
930 556 1103 632 hominem,
1122 577 1184 632 prae
1204 557 1326 636 sonmo,
1340 561 1375 626 dc
1395 559 1546 624 ebrietate
1561 559 1696 626 &onon

25 645 28 656 '
126 651 251 726 quando
271 665 332 711 noo
348 645 454 720 debet,
475 661 582 721 nunape
600 637 720 716 quando
736 635 797 699 alia
814 631 892 700 snoe
929 635 990 698 elle
1007 636 1136 712 amplius
1152 655 1328 712 compotem
1344 636 1405 712 sui,
1428 642 1475 704 vel
1498 661 1536 704 en
1561 639 1663 705 caussa
1687 689 1695 716 ‚

130 749 164 796 ,ς
184 745 326 794 tenetur,
929 731 1018 792 quam
1038 713 1137 790 posuit
1156 711 1250 779 saliua
1270 716 1307 782 lit
1323 722 1490 796 impotem,
1507 737 1543 785 ut
1558 721 1696 784 Clericus

167 805 261 874 neus
281 825 358 871 vero
375 825 431 882 per
447 801 478 866 sc
496 800 590 875 boni,
609 796 660 864 vei
684 793 893 858 indifferentes
928 800 978 872 qui
1005 797 1100 860 initio
1123 799 1244 858 itineris
1273 799 1405 876 proiecit
1434 798 1629 864 breviarium
1662 805 1695 862 in

100 884 399 1031 “missili‘’
419 873 894 1026 ssesll‘us‘ulsuu‘s
928 873 1695 1034 usialis.-ll‘slsssllus‘l‘u‘uliz

126 985 299 1118 ἓιῗίἰιιίἓιῃιιη,
321 985 500 1120 ςιιὲἰιιρεκιι
512 981 655 1113 squamosi
672 1035 791 1109 propria
807 1028 894 1096 omis·
929 1002 1161 1124 defatigationes
1188 1039 1361 1102 venationis
1382 1053 1455 1113 puta
1470 1085 1478 1113 ,
1494 1005 1556 1099 ludi
1577 1034 1695 1101 &c.in··

62 1143 63 1153 ¹
129 1125 239 1190 sionis.
261 1125 344 1188 Nam
372 1139 440 1185 tota
464 1118 584 1184 mulitia
612 1111 737 1176 adionir
764 1129 894 1176 caeteto·
929 1114 1637 1194 bcmiteotmcontraxitincompoffibilemcum
1654 1120 1696 1180 ie·

130 1209 205 1282 quin
220 1204 324 1280 bouae,
348 1201 423 1279 puta
445 1197 532 1260 liudis
546 1243 554 1272 ,
569 1213 641 1270 quae
660 1195 742 1254 mala
759 1191 895 1266 evadit,
931 1193 1037 1267 iunio,·
1050 1212 1127 1257 nam
1145 1211 1182 1258 ut
1207 1196 1319 1273 aliquid
1347 1196 1384 1261 stt
1406 1199 1437 1258 in
1466 1193 1496 1260 se
1523 1193 1694 1260 formaliter

130 1289 200 1360 quia
219 1285 299 1346 male
316 1281 353 1344 fit
369 1328 378 1358 ,
396 1275 468 1354 idell
489 1275 609 1350 quando
629 1274 730 1335 vetita
748 1270 793 1332 eil
811 1291 830 1334 a
851 1271 894 1330 di·
931 1290 1110 1350 peccarium,
1132 1271 1204 1338 satit
1233 1275 1276 1338 esi
1298 1325 1306 1353 ,
1330 1279 1408 1352 quod
1436 1273 1582 1341 indiresle
1602 1275 1635 1340 dc
1663 1279 1695 1338 in

130 1369 206 1428 vina
228 1365 319 1440 lege,
350 1360 456 1424 eadem
482 1353 611 1417 estcum
625 1347 893 1414 malitiaornissro·
929 1349 1034 1416 caussa
1054 1347 1105 1416 sue
1127 1352 1251 1417 liberum
1273 1353 1330 1429 srt;
1349 1356 1422 1420 alias
1450 1361 1499 1432 qui
1516 1357 1548 1418 in
1564 1354 1697 1419 ebrieta-

131 1447 180 1506 nis
209 1441 332 1506 Mille.
363 1438 507 1512 Alioquin
522 1435 572 1510 oui
590 1428 711 1493 Missam
727 1433 893 1492 ouritteret
931 1447 962 1493 te
977 1431 1118 1495 clericum
1134 1433 1307 1511 occideret,
1328 1455 1390 1498 non
1416 1431 1492 1500 esset
1520 1455 1697 1504 excommu-

130 1541 237 1586 amore
265 1517 354 1582 lludii
375 1567 382 1594 ,
400 1519 498 1594 magis
529 1525 668 1589 peccaret
690 1556 701 1586 ,
743 1531 816 1572 uam
844 1511 894 1584 qui
931 1514 1063 1584 nicetus,
1083 1529 1195 1576 contra
1211 1515 1289 1590 quod
1307 1511 1400 1580 sentit
1413 1511 1527 1580 Glostu
1544 1519 1575 1578 in
1590 1535 1655 1590 cap.
1665 1509 1693 1576 d.

130 1602 268 1664 eamdem
289 1601 452 1662 omitteret
480 1592 556 1657 niuis
579 1532 895 1683 prorsushsaciendo,
930 1592 966 1655 de
983 1589 1068 1670 sent.
1098 1594 1308 1658 excommunic.
1344 1593 1538 1672 Paludanus,
1578 1591 1708 1667 Slvesa

127 1680 210 1756 quod
231 1677 391 1742 ridiculum
414 1673 474 1742 eli.
497 1669 585 1735 Unde
610 1672 641 1732 iu
661 1671 716 1734 tali
747 1673 895 1746 opinione
932 1672 1042 1746 aliique
1062 1673 1282 1748 quamplures.
1312 1673 1401 1738 Unde
1419 1693 1489 1736 cum
1506 1678 1567 1737 omi
1595 1695 1626 1738 ιο
1640 1673 1696 1738 Sa·

130 1777 288 1832 mnodum
313 1757 417 1821 omitti
446 1753 542 1830 posset
567 1746 661 1812 Missa
691 1747 753 1812 siue
782 1749 893 1825 duplici
930 1755 973 1814 cri
990 1755 1095 1814 contin
1112 1770 1169 1814 ens
1187 1759 1216 1812 in
1233 1749 1336 1818 sonum
1352 1753 1405 1818 vel
1420 1752 1574 1818 ebrietate
1603 1755 1696 1818 libera

132 1855 284 1911 peccato,
311 1855 441 1912 quorum
468 1852 562 1897 unum
582 1826 661 1892 esset
689 1823 749 1906 ipsa
777 1825 894 1893 omissio
931 1831 966 1893 su
986 1834 1017 1892 in
1035 1771 1161 1908 caussa,
1181 1833 1330 1910 sequitur,
1347 1833 1427 1911 quod
1444 1851 1507 1896 non
1528 1832 1698 1896 l'olumcul·

127 1913 233 1979 Missae
255 1962 264 1990 ‚
293 1914 375 1978 aliud
396 1914 474 1990 quod
502 1909 546 1976 est
563 1905 669 1972 caussa
702 1908 755 1972 vel
775 1907 894 1972 occasio
991 1913 1038 1972 'is
1059 1911 1097 1973 sit
1111 1915 1155 1973 'in
1175 1911 1284 1976 caussa
1305 1961 1314 1991 ,
1334 1910 1382 1975 sed
1410 1915 1506 1976 etiam
1526 1915 1557 1973 in
1582 1909 1639 1988 se,
1662 1911 1697 1976 δι

128 1991 346 2068 ipsiusMiseae
371 1989 668 2071 omiffionia,quod
692 1985 800 2050 salsum
831 1985 894 2064 esi,
931 1989 1092 2054 idoinse
1115 1991 1429 2068 imputabilis.Nam
1456 1992 1529 2054 licet
1554 1987 1697 2055 obdese·
1766 2013 1771 2046 ;

127 2071 164 2140 ἀ
193 2077 278 2149 praxi
308 2091 460 2152 repugnat
487 2068 623 2141 fidelium
640 2115 648 2142 ,
666 2072 716 2145 qui
742 2087 895 2155 nunquam
929 2067 1009 2132 sium
1034 2068 1104 2135 usus
1134 2075 1284 2148 tationis,
1307 2073 1358 2135 vel
1382 2071 1422 2137 ob
1448 2069 1698 2147 impedimentum

126 2153 284 2228 explicant
305 2153 336 2214 in
353 2133 569 2231 Confessrobe¹
588 2167 644 2210 nec
665 2155 683 2212 'a
703 2143 895 2233 Confels'ario
929 2151 1026 2222 culpe
1048 2149 1214 2217 huiusmodi
1232 2150 1423 2216 omissionum
1440 2169 1503 2213 non
1523 2147 1583 2212 sint
1604 2151 1699 2224 impu·

128 2234 226 2296 ctiam
246 2231 387 2308 prudenti
416 2231 618 2307 exquiritur,
646 2246 740 2305 quare
767 2226 894 2292 Missam
931 2229 1040 2293 tabiles
1057 2234 1088 2293 in
1105 2229 1136 2296 se
1151 2233 1273 2296 ratione
1298 2231 1341 2295 sui
1362 2231 1471 2306 solius-3
1498 2215 1566 2293 sunt
1591 2245 1697 2294 tamen

128 2307 306 2375 emiserint.
534 2333 545 2366 a
889 2345 892 2356 ·
932 2309 1122 2384 imputabiler
1138 2308 1215 2374 inse
1236 2313 1442 2388 dependenter
1463 2305 1609 2373 acaussaz
1629 2309 1697 2372 Nec

169 2389 282 2467 Quoad
302 2405 330 2470 3.
353 2387 621 2466 tandem‚nempe
637 2387 895 2452 numroluntarie
930 2385 1027 2452 officit
1050 2389 1099 2467 id,
1118 2391 1197 2466 quod
1223 2407 1260 2454 ut
1284 2388 1444 2454 absurdum
1472 2391 1596 2452 Patroni
1623 2407 1698 2452 con·
1747 2464 1751 2472 Ι

171 2487 245 2532 nene
262 2469 396 2532 caussam
408 2469 581 2533 omissionis
603 2485 707 2543 peccet
726 2514 736 2543 ,
758 2487 819 2554 non
850 2465 893 2530 so·
932 2471 1038 2532 trariae
1054 2468 1215 2535 sententiae
1237 2468 1415 2552 obiiciunt,
1436 2467 1551 2538 scillcet
1574 2464 1694 2544 (ιιιοάΐι

142 2569 194 2612 um
213 2547 334 2624 quando
350 2547 476 2624 apponit
490 2543 631 2610 ,caussam
643 2546 751 2622 banc,
774 2547 824 2608 led
847 2563 895 2608 et·
931 2548 1001 2611 talis
1014 2545 1134 2611 omiss‘ro
1149 2552 1181 2611 in
1198 2546 1301 2615 somno
1316 2547 1353 2611 stt
1368 2565 1545 2624 peccatum,
1560 2549 1698 2626 etitpec·

125 2629 193 2691 iam
209 2627 328 2704 quando
346 2627 384 2690 lle
400 2624 587 2699 sadoadluro
600 2641 785 2700 praeceptum
800 2627 894 2688 omit·
930 2643 1036 2690 catum
1053 2625 1192 2704 adluale,
1211 2647 1319 2692 vetum
1333 2648 1405 2692 cum
1429 2631 1467 2690 ad
1486 2645 1645 2704 peccatum
1665 2641 1698 2690 a·

125 2711 192 2777 tit;
216 2725 380 2784 antequam
400 2707 593 2782 resolvatur,
617 2699 818 2789 prolsaciliori
841 2707 889 2766 in·
931 2705 1030 2770 iluale
1046 2705 1172 2770 libertas
1193 2705 1522 2784 adoalurequiratur‚
1542 2711 1611 2783 quae
1626 2727 1696 2771 neu·

122 2787 322 2865 telligentia'.
932 2787 1048 2860 tiquam
1062 2783 1126 2848 esse
1147 2784 1244 2861 potest
1260 2788 1292 2848 in
1309 2786 1365 2848 tali
1383 2784 1610 2862 omiffione,'in
1636 2805 1696 2864 qua

167 2866 405 2945 §opponendum
434 2885 458 2929 ι.
482 2878 647 2943 ponentem
669 2864 847 2929 voluntarie
862 2881 894 2925 a·
932 2881 995 2928 nou
1012 2861 1229 2937 potelilnaberi
1262 2862 1377 2928 asltrale
1410 2867 1583 2929 voluntatis
1610 2885 1699 2931 exer-

120 2944 211 3008 stum
230 2963 270 3008 eit
290 2965 351 3021 qno
368 2945 515 3022 praevidet
533 2961 717 3022 preceptum
734 2941 895 3022 probabili·
930 2945 1056 3018 citium,
1078 2941 1152 3006 licut
1175 2941 1302 3008 adualis
1315 2943 1440 3007 libertas
1460 2946 1578 3020 exigit3
1600 2943 1613 3004 l
1635 2949 1697 3012 itur

121 3044 197 3103 ter,
218 3025 271 3088 vel
291 3023 472 3102 probabilius
497 3045 558 3088 non
582 3023 807 3100 adimplendum
832 3071 840 3096 ‚
861 3041 895 3085 v.
931 3023 1002 3087 talia
1025 3019 1145 3086 omiffio·
1166 3041 1223 3086 nec
1243 3021 1306 3100 est,
1326 3040 1383 3087 nec
1402 3021 1575 3100 essepotesi
1646 3043 1700 3088 ua·
1786 3037 1787 3042 ’

119 3127 152 3182 g.
164 3105 195 3167 se
215 3105 338 3167 domem
348 3103 471 3181 somno,
493 3104 541 3167 ubi
561 3103 687 3170 Sacrum
703 3103 746 3164 est
773 3103 895 3166 auum·
933 3103 961 3164 le
987 3117 1161 3178 peccatum.
1184 3101 1267 3165 Nam
1279 3097 1506 3179 respondetur,
1527 3102 1562 3164 ad
1588 3121 1697 3181 pecca·
1781 3155 1784 3162 .

119 3185 218 3259 dum,
241 3182 291 3247 vel
315 3185 481 3249 recitandae
502 3182 573 3248 sunt
599 3182 682 3248 lore
709 3183 896 3258 Canonicae,
933 3199 999 3244 tum
1014 3177 1131 3252 aduale
1148 3184 1258 3261 requiri
1268 3181 1582 3259 uuidemlibertatem
1598 3181 1699 3248 adlua-

119 3281 255 3340 peccate
276 3267 433 3341 graviter,
454 3262 587 3328 etiamst
613 3261 716 3341 postea
741 3263 827 3326 rebus
847 3259 894 3324 su·
932 3262 1012 3339 lem,
1029 3281 1090 3325 non
1117 3278 1221 3327 tannen
1252 3258 1368 3338 semper
1399 3265 1567 3327 necessario
1594 3259 1699 3342 inse,
1737 3273 1743 3286 “

119 3343 195 3408 bito
223 3347 352 3408 mutatis
373 3391 381 3420 ,
406 3344 531 3408 Sacrum
554 3343 682 3420 audiat,
704 3341 791 3405 horae
813 3342 895 3419 legat
930 3341 1088 3404 cumsatis
1108 3339 1164 3420 stt,
1186 3339 1700 3408 teetimtnsolacauisaauue·
1821 3374 1825 3382 ·

119 3422 191 3490 &o
209 3427 279 3500 quia
297 3422 369 3486 licet
383 3443 451 3486 non
469 3424 642 3496 peccaverit
664 3438 772 3482 concta
798 3421 894 3496 legem
933 3421 1003 3484 litet
1024 3419 1194 3500 habeatur,
1212 3438 1250 3488 ut
1264 3424 1419 3502 contingit
1441 3425 1471 3483 in
1489 3419 1630 3498 presenti
1648 3439 1701 3485 ca·

118 3503 230 3584 effectu
251 3550 260 3581 ,
292 3504 432 3578 peccavit
451 3519 560 3564 ‘tamon
581 3499 716 3580 ,offella
742 3515 893 3574 quatenus
931 3499 980 3578 su,
1000 3503 1031 3563 in
1058 3517 1118 3577 quo
1140 3500 1214 3566 licet
1238 3499 1356 3565 omiffio
1376 3505 1408 3564 in
1424 3498 1532 3565 somno
1546 3499 1607 3566 &e
1629 3499 1699 3565 auu

118 3583 307 3646 voluntarie
323 3579 353 3645 se
381 3580 516 3661 periculo
533 3579 684 3656 vercpol'uit
711 3597 774 3643 non
799 3577 894 3642 adim·
930 3579 963 3644 dc
980 3583 1011 3642 in
1032 3576 1062 3642 se
1086 3577 1179 3644 libera
1204 3599 1266 3643 non
1291 3580 1347 3656 sit,
1377 3601 1446 3645 curn
1462 3579 1524 3643 iam
1546 3580 1699 3644 libertatis

115 3661 225 3736 piendi
243 3679 443 3739 pracceptum.
931 3657 1074 3734 poteliuti
1096 3675 1160 3722 non
1182 3657 1355 3738 subiaceat,
1376 3659 1418 3722 eu
1447 3678 1552 3723 tamen
1579 3657 1700 3740 libera,

160 3743 399 3817 Supponendum
415 3761 443 3802 ι.
462 3759 623 3818 peccatum
638 3735 809 3804 omissionis
820 3759 892 3802 con·
930 3736 963 3802 &
979 3739 1156 3801 voluntaria
1170 3735 1331 3814 incaul'sa,
1350 3737 1544 3815 quaeqnidem
1557 3737 1700 3804 volunta·

111 3819 292 3890 summati,
311 3819 359 3880 ubi
383 3815 421 3882 de
444 3817 523 3886 fauo
537 3814 892 3900 contingitomilliod'r
931 3820 1023 3884 rietus
1044 3811 1428 3894 restruditurine,ffesium;
1444 3817 1523 3884 unde
1544 3819 1701 3888 noncaus-
1840 3869 1843 3878 .

110 3917 203 3964 tunc
232 3899 382 3960 omittens
410 3898 445 3961 su
468 3896 512 3961 sui
536 3919 676 3978 compos,
697 3901 730 3964 dc
753 3897 796 3964 eli
811 3903 892 3962 cum·
930 3896 960 3962 sa
982 3896 1095 3976 solum,
1115 3893 1163 3960 sed
1183 3898 1281 3964 etiam
1297 3893 1418 3967 effectus
1438 3897 1507 3966 sum
1525 3900 1557 3962 in
1573 3897 1700 3964 Conses·
1798 3939 1801 3943 -

111 3977 245 4042 munit.
270 3976 321 4040 An
342 3995 416 4040 vero
440 3993 514 4041 tunc
533 3983 630 4042 etiam
647 3978 892 4057 consummetur,
929 3975 1012 4042 stone
1030 3977 1203 4054 aperiendi.

111 4059 320 4123 saomittem
345 4053 531 4121 fit'rationis
556 4077 665 4136 expers
694 4077 815 4135 propter
843 4056 892 4124 so-
970 4059 1015 4122 Ex
1037 4059 1080 4122 his
1097 4057 1230 4134 sequitur
1247 4061 1341 4140 igitur
1363 4079 1418 4142 pro
1438 4061 1523 4140 praxi
1557 4079 1588 4128 1.
1619 4057 1701 4142 quod

111 4157 234 4202 mnum
255 4151 349 4214 puta,
368 4134 549 4200 ebrietatem
575 4137 636 4206 occ.
659 4139 707 4206 vel
733 4135 838 4224 sedtu'
854 4138 891 4203 fit
928 4143 977 4214 qui
999 4159 1059 4203 non
1077 4155 1199 4204 tantum
1215 4145 1352 4219 periculo
1372 4139 1402 4204 se
1426 4138 1579 4206 commisit
1605 4144 1701 4204 omit·

90 4215 892 4374 immolaremus-⁸uilissimi:
927 4217 1702 4378 illinisellmuusaus³clusus

106 4393 190 4454 tas,
213 4395 266 4451 pto
281 4369 368 4440 cuius
390 4373 540 4440 solutione
557 4375 612 4441 srt.
926 4394 993 4442 tum
1012 4376 1176 4443 omissionis
1206 4375 1271 4457 ipsa
1302 4379 1410 4444 actum
1435 4348 1594 4440 omissione
1622 4393 1697 4436 con·

156 4456 326 4519 Sententia
342 4456 530 4526 commmuor
545 4455 592 4522 eit
605 4457 890 4538 intet'l'homislas,
927 4458 1112 4522 summetur.
1137 4475 1166 4518 a.
1185 4459 1264 4536 quod
1286 4463 1337 4534 qui
1353 4461 1430 4523 vino
1449 4455 1484 4520 dc
1504 4456 1701 4530 impudicitiis

111 4540 218 4600 iuxta
245 4552 352 4598 eorum
377 4531 557 4614 Magistrum
582 4537 763 4617 Angelicum
777 4538 889 4604 Dolio-
926 4539 1057 4602 multum
1078 4537 1282 4616 indulgendo,
1299 4531 1702 4613 itainfirmitatibuslegta·

108 4635 187 4680 rem
205 4659 217 4687 ,
236 4629 271 4676 ut
293 4611 421 4680 liabetur
436 4637 475 4680 ex
490 4615 658 4697 Caietano,
675 4617 816 4697 Medina,
836 4619 889 4684 So
925 4621 1039 4696 vavit,
1055 4636 1092 4682 ut
1115 4613 1208 4680 saum
1232 4617 1269 4680 sat
1291 4619 1442 4693 impotem
1464 4616 1502 4677 ad
1530 4611 1701 4678 observan-

107 4714 150 4758 ιο
168 4739 179 4770 ,
200 4689 331 4765 Letous,
352 4695 479 4772 Gonet,
496 4694 715 4768 Contensem,
734 4699 839 4772 quibus
860 4694 889 4762 se
925 4698 963 4760 da
985 4699 1097 4760 ieiunia
1120 4697 1158 4762 ab
1177 4694 1311 4762 Ecclesia
1330 4691 1524 4773 prescripta,
1549 4691 1700 4760 &Sacer-

106 4772 444 4924 ιιάἰυιὲιειεῗιιιιοι,
463 4777 625 4864 Valentia,
645 4779 739 4847 dliive
760 4825 770 4854 ,
795 4771 889 4841 omis·
924 4776 998 4857 dos,
1016 4780 1067 4854 qui
1085 4779 1177 4844 initio
1198 4779 1320 4840 itineris
1341 4773 1533 4930 {reciarium
1551 4777 1581 4836 in
1602 4789 1699 4836 -mare

168 4897 175 4916 ,ι
209 4871 285 4944 ,⁰m·
320 4897 328 4916 .
507 4900 539 4934 ,γ
1413 4869 1429 4930 3
1593 4871 1661 4934 pro·
1734 4865 1738 4874 '
