4070 5460
400 251 450 314 re
1148 297 1150 304 ,

342 346 434 440 rim
450 379 475 463 ,·
513 327 686 456 idcirco
720 367 774 434 ex
814 370 898 471 qno
936 330 1128 468 abiis,
1166 335 1433 472 quibuscum
1470 335 1680 444 laborem
1736 385 1887 456 meum

340 477 834 600 communicaveram,
883 483 915 611 (
949 509 1081 606 quem
1109 473 1252 610 solius
1285 483 1644 581 exercitationis
1679 487 1835 620 caussa
1870 570 1887 626 ,

336 622 515 747 ntique
551 619 687 716 unius
723 617 775 712 r'n
810 611 1109 745 Theologicir
1156 609 1277 748 bisce
1323 615 1582 718 muralibus
1631 616 1888 748 Institutio·

332 753 474 860 ssibus
515 747 767 890 progrqsue
802 755 1087 890 susceperam
1113 751 1151 888 )
1190 761 1315 892 typis
1362 757 1572 880 eumdem
1600 757 1783 897 publici
1819 771 1886 866 im

336 904 408 996 ris
438 889 608 1021 facere
645 887 781 1023 iussut
808 894 936 1030 sum,
965 889 1142 1028 semper
1179 891 1328 998 bubni
1364 901 1414 998 in
1448 902 1574 1000 votis
1608 925 1662 998 at
1694 927 1775 1000 tno
1812 941 1884 1005 no·

337 1039 460 1136 mine
506 1033 789 1168 infiguntur,
835 1061 998 1164 tuoque
1037 1031 1203 1160 fretus
1243 1041 1509 1170 patrocinio
1554 1041 1604 1135 in
1636 1033 1881 1174 publicam

334 1173 482 1310 lacem
514 1173 722 1310 prodiret
738 1219 763 1302 5
801 1199 966 1301 ratur,
999 1177 1075 1274 ita
1114 1171 1176 1290 (5
1214 1211 1367 1276 meum
1384 1212 1420 1276 a
1447 1173 1780 1280 malevolorum
1794 1188 1881 1280 cri-

333 1306 538 1412 minibus
576 1339 726 1412 tutnm
755 1314 865 1444 sore
902 1326 1087 1440 nomen,
1127 1318 1194 1434 ὠ·
1227 1349 1377 1414 meam
1413 1319 1561 1418 etiam
1598 1351 1711 1449 erga
1750 1317 1880 1420 teob·

324 1451 625 1587 servantiam
648 1498 686 1582 ,2
711 1456 1115 1580 reverentiamque
1163 1453 1328 1588 polam
1368 1453 1516 1581 ficri.
1557 1448 1611 1551 V
1607 1489 1736 1552 crum
1773 1495 1875 1592 que·

331 1586 626 1690 madmodnm
656 1587 935 1726 summopere
963 1585 1183 1724 gratulor
1220 1587 1309 1724 ipse
1334 1589 1453 1692 mibi
1477 1589 1721 1724 latorque,
1761 1591 1885 1728 quod

326 1755 433 1828 tam
467 1723 736 1832 humaniter
773 1725 829 1828 id
859 1721 977 1827 mibi
1011 1723 1297 1862 concesseris,
1335 1727 1402 1857 fic
1439 1727 1575 1830 baud
1599 1757 1770 1864 parum
1807 1770 1880 1834 ve·

328 1891 468 1998 reor,
522 1893 573 1964 uc
609 1861 733 1998 quod
761 1871 886 2003 typis
923 1861 1246 2000 depromitur,
1291 1894 1399 2001 opus
1426 1869 1489 1998 fit
1535 1867 1785 2004 eiusmodi,
1822 1897 1874 1968 nt

325 2011 456 2106 tanti
495 1995 719 2142 Prasulc'r
755 2039 914 2106 nomen
946 2000 1213 2139 praeseferre
1253 2033 1523 2112 mercatur..
1574 2001 1630 2106 V
1626 2041 1755 2106 erum
1801 2033 1873 2106 ta·

323 2179 428 2244 men
464 2141 577 2245 licet
612 2140 681 2248 ba
717 2139 1007 2274 Theologica
1044 2136 1308 2273 questiones
1356 2139 1412 2242 ob
1460 2137 1872 2277 imbecillitatem,

326 2281 748 2416 infirmitatemque
783 2284 959 2416 ingenii
995 2277 1162 2407 noslri,
1207 2285 1404 2379 nonita
1441 2283 1537 2410 stne
1584 2278 1871 2415 elaborata,

323 2445 389 2520 nt-
415 2423 477 2540 θ
516 2421 658 2548 infita
689 2417 996 2558 prestantia,
1036 2419 1098 2532 Θ
1134 2423 1264 2519 tanti
1300 2417 1593 2522 Maccnatis
1628 2428 1793 2522 merito
1818 2457 1872 2522 etc

323 2593 448 2690 aquo
479 2555 636 2698 poffint
677 2555 936 2694 respondere
948 2595 973 2686 ,·
1005 2560 1237 2690 gravitas
1273 2582 1432 2658 tamen
1472 2567 1534 2680 &⁹
1563 2557 1760 2662 utilitas
1795 2595 1871 2662 ca·

325 2731 429 2798 rum
466 2733 652 2833 rerum,
690 2735 788 2831 quse
824 2703 874 2798 in
909 2695 1013 2794 illis
1043 2693 1436 2831 pertrabuntur,
1485 2727 1635 2802 tanta
1663 2696 1770 2832 sunt
1804 2699 1870 2800 di·
2031 2687 2032 2708 '

318 2839 565 2969 gnitatr't,
613 2840 830 2968 tantique
871 2828 1125 2970 ponderis,
1176 2861 1230 2932 ut
1277 2831 1472 2936 cuilibet
1500 2837 1638 2969 sacro
1675 2824 1898 2962 Pastori,

314 2974 413 3108 fine
443 2982 732 3112 permaxime
769 2968 1159 3086 accommodata.
1211 2965 1269 3072 In
1306 2967 1391 3093 bis,
1428 2981 1551 3073 enim
1585 3001 1867 3106 exponuntur
2030 3061 2031 3068 a

326 3103 617 3251 Principia,
659 3113 740 3247 scu
778 3103 969 3242 Regula
1021 3103 1209 3214 Etbica
1256 3111 1307 3217 C
1311 3106 1553 3238 brisliana
1599 3115 1731 3216 iuxta
1769 3103 1870 3208 Do·

320 3246 522 3352 brenam
559 3247 861 3376 Divinarum
872 3241 922 3346 δ’
925 3255 1269 3387 sripturarum,
1307 3247 1357 3352 J
1360 3281 1573 3349 atrorum
1586 3245 1636 3349 C
1640 3284 1869 3383 anonam,

322 3383 612 3496 dandorum
637 3377 874 3514 Parrum,
912 3422 970 3486 ac
1006 3384 1259 3524 huiusmodi
1287 3385 1571 3524 graviffimo'
1587 3383 1868 3516 fundamen·

322 3554 396 3676 to,
433 3564 492 3631 ac
529 3527 832 3633 celebriorum
871 3522 1207 3664 Theologorum
1234 3530 1457 3650 indicio,
1493 3561 1574 3629 nec
1610 3562 1697 3628 non
1733 3553 1866 3624 naon·

321 3664 446 3764 ralis
475 3674 680 3772 rationis
681 3673 970 3906 principio,
1007 3692 1106 3768 turn
1144 3663 1489 3802 Rigorismum,
1525 3693 1625 3767 tum
1659 3659 1863 3764 Lanita·

713 3844 736 3906 o

319 3831 412 3905 tem
463 3805 679 3912 dcclinan
779 3803 1050 3934 statuitur,
1109 3844 1196 3908 non
1235 3807 1381 3942 solum
1405 3803 1643 3937 ¹quomodo
1701 3807 1905 3934 cuique,

318 3940 623 4088 adproprias
668 3977 816 4046 mores
862 3943 933 4045 ad
974 3942 1024 4047 C
1027 3939 1310 4076 hristianam
1355 3944 1651 4082 disciplinam
1698 3971 1866 4076 compo·

319 4079 514 4220 nendos,
552 4081 781 4218 agendum
808 4083 900 4218 fit,
923 4080 1018 4318 scd
1047 4082 1251 4220 insuper,
1290 4122 1348 4186 ac
1379 4091 1642 4221 precipue,
1689 4080 1864 4214 quomo·

318 4217 375 4320 do
413 4223 545 4357 sarri
585 4228 874 4326 Animarum
972 4220 1185 4352 asloner,
1233 4225 1414 4356 aliique
1451 4217 1864 4354 conscientiarum

317 4360 664 4494 moderatores,
700 4366 752 4460 in
775 4359 915 4499 sacro
938 4355 1152 4468 'inaximo
1190 4357 1484 4470 Pooniteetia
1522 4351 1866 4486 Tribuualise

248 4612 252 4622 ,
307 4496 548 4636 segerens
584 4529 870 4613 terrcantur.-
919 4502 1206 4649 Quinimmo·
1239 4503 1316 4610 bis
1363 4501 1591 4612 accedunt
1623 4495 1864 4643 permulta

312 4669 488 4773 qnoque
507 4631 864 4774 ‘Eccltsmflice
903 4637 1211 4783 Disciplina,
1262 4649 1329 4767 rb*
1361 4641 1612 4782 Hislorla,
1661 4674 1748 4882 npn
1797 4625 1866 4732 di·

1194 4845 1198 4848 ·
1458 4829 1463 4836 '
1714 4807 1795 4882 Μ
