4030 5456
370 219 574 330 Tanna.
611 244 951 320 pennensis
999 243 1212 322 Morum
1246 251 1366 322 Cas.
1403 249 1430 324 1.
1570 259 1640 346 133

172 351 254 434 Resp.
276 369 343 430 neg.
360 353 433 414 orni.
451 347 533 414 Nam
553 348 650 424 primo
678 344 737 411 boc
762 343 893 408 includit
929 341 1057 423 babilis,
1071 343 1146 412 falla
1162 349 1224 412 ell'e
1240 347 1348 426 polis,
1378 347 1413 415 ἀ
1443 335 1609 412 necessario
1637 347 1695 412 lroc

131 438 221 498 nimis
240 427 442 510 periculosam
461 429 629 492 laxitatem
644 419 893 490 noosolusncon·
928 423 1088 502 contingat
1106 430 1136 490 in
1148 429 1345 493 alterutraert
1357 423 1608 505 propoitionibus
1627 443 1693 502 pro·

128 531 177 576 tra
197 513 277 591 leges
299 507 464 588 pnfitivas,
483 505 532 570 led
552 511 648 571 etiam
666 517 778 568 contra
798 501 894 582 lepem
928 501 1076 566 habilibus
1094 505 1144 570 irbi
1163 510 1296 572 invicem
1310 503 1596 586 contradillotiepu
1617 522 1696 570 nan·

131 591 319 666 naturalem
335 603 405 654 cum
425 587 489 654 bec
509 585 572 664 ipis
588 583 689 662 quoad
701 578 893 674 nragstsmsui
930 581 1036 670 tibris:
1058 585 1127 648 hine
1149 587 1222 651 licet
1238 587 1343 664 opinio
1363 584 1525 665 probabilis
1556 527 1695 652 abblsrts

127 688 252 814 iiii}
274 661 637 814 inlllffffnilsir
655 662 894 822 biubi:
925 662 1093 819 iiiiii
1111 665 1474 820 &buinidi
1487 661 1704 809 iiiiii

123 773 194 895 trprb.
213 826 385 906 Secundo,
409 793 589 904 se’queretur
616 821 707 887 licere
726 818 807 898 sequi
828 821 892 898 opi·
926 841 1015 898 quam
1036 789 1117 888 bil'ce
1132 765 1365 901 contrariffit)
1382 845 1445 888 non
1460 793 1507 889 ’ita
1527 843 1631 889 tamen
1641 844 1694 901 po·

125 914 247 976 aionem
275 914 375 974 minus
396 923 526 982 tutam,
554 902 696 979 quamdiu
719 900 812 967 babet
837 901 892 966 ali·
926 899 984 966 tell
1007 919 1154 980 apparere
1175 903 1195 967 st
1216 907 1323 983 opinio
1350 901 1511 982 probabilis
1535 923 1605 967 cum
1625 925 1695 996 pro·
1789 901 1794 928 ¹

122 1007 209 1068 quam
231 983 596 1068 probabilitatemsquod
614 979 813 1061 proscriptum
834 977 893 1045 luit
928 979 1076 1046 babiliore
1095 1003 1310 1062 comparetur,
1333 981 1605 1064 quaegravioribua
1622 986 1696 1045 nrri·
1740 1025 1742 1034 ,
1879 1015 1883 1022 -

122 1069 162 1132 ab
184 1069 370 1132 Innocentio
384 1065 439 1130 Xl.
464 1085 545 1140 prop.
565 1078 591 1142 ς.
610 1061 643 1128 ἀ
658 1080 808 1142 repugnat
827 1081 892 1140 cap.
929 1075 980 1124 tur
998 1067 1163 1128 momentis
1178 1082 1245 1129 tun
1266 1067 1410 1143 rationis,
1432 1081 1498 1128 tuns
1528 1057 1696 1126 aullorita·

121 1173 169 1230 44
188 1149 226 1214 dc
240 1144 317 1230 ferri.
335 1165 476 1212 summes.
494 1143 577 1208 Nam
606 1143 725 1206 tamdiu
750 1139 886 1217 opposita
931 1146 995 1205 tis.
1015 1141 1100 1208 llam
1123 1161 1198 1208 tunc
1214 1145 1268 1209 illa
1284 1153 1382 1221 quoad
1410 1146 1527 1219 praxim
1554 1137 1696 1206 adversa·

120 1232 223 1294 rutior
244 1247 307 1292 non
327 1223 370 1291 est
388 1225 552 1290 evidenter
572 1240 670 1286 rect.
694 1219 823 1296 letoio,
841 1219 895 1282 lex
930 1219 1165 1298 ttnScsiprnrae
1186 1223 1481 1302 redequerarimi,
1496 1237 1696 1300 quansmuoa

120 1306 182 1372 boc
201 1305 269 1382 ipis
284 1303 368 1384 quod
395 1302 579 1382 probabilius
604 1296 642 1364 irc
669 1317 739 1364 eam
760 1317 896 1376 extare,
930 1301 1090 1380 praecipit,
1110 1302 1462 1382 dillatalteramapnam
1483 1301 1696 1380 prudentiam,

118 1385 163 1449 eil
182 1385 371 1450 sufficienter
392 1379 560 1460 proposita.
594 1379 716 1443 Etenim
740 1384 894 1444 sanceias
931 1397 1049 1448 necnoer
1061 1381 1210 1445 moralem
1226 1383 1459 1461 amboesigunt
1475 1380 1695 1446 certitudinem

119 1463 291 1531 existentia
307 1457 627 1542 pnrdentetadfirarari
644 1455 760 1536 potell,
776 1455 894 1524 &norr-
928 1459 966 1522 de
986 1455 1127 1524 bonitate
1146 1459 1289 1526 adilonis.
1309 1462 1389 1528 Haec
1409 1480 1514 1528 autem
1533 1459 1696 1528 certitudo

20 1595 21 1612 r
118 1543 176 1608 nist
194 1543 409 1620 imprudenter
424 1543 547 1618 negari,
566 1559 635 1602 corn
656 1536 894 1615 panadiisnms
930 1555 992 1602 non
1014 1538 1113 1614 norell
1130 1539 1208 1606 liare
1224 1561 1278 1617 pro
1296 1544 1441 1620 opinione
1461 1545 1562 1606 minos
1584 1537 1696 1619 proba·

116 1623 197 1702 legis
214 1621 408 1688 existentiam
425 1619 536 1683 babeat
556 1621 680 1684 notive
699 1623 857 1696 gratiora.
927 1617 981 1681 bili
998 1617 1036 1682 dt
1056 1621 1246 1684 minustuta
1264 1623 1295 1683 in
1324 1617 1473 1688 conmisso
1505 1621 1632 1684 scitioris
1660 1616 1697 1684 dt

165 1703 329 1766 obiiciunt
350 1699 403 1762 Vl.
426 1698 462 1762 ln
483 1697 650 1762 moralibus
682 1695 844 1774 disciplinis
860 1698 892 1761 li·
926 1695 1157 1776 pmbalsilioris.
1180 1701 1284 1773 Quare
1303 1703 1420 1768 merito
1434 1716 1564 1778 negatur
1589 1697 1695 1762 conle-

113 1783 221 1849 citum
240 1777 282 1842 eil
302 1779 382 1856 lesui
402 1781 578 1854 opinionem
595 1777 892 1854 probabilemque
927 1782 1070 1862 quentia,
1087 1776 1159 1844 idell
1178 1779 1297 1844 licitum
1312 1780 1373 1844 elle
1396 1781 1425 1841 in
1457 1779 1513 1841 tali
1542 1773 1694 1841 concursu

112 1879 183 1924 non
202 1855 301 1922 lolurn
318 1877 384 1922 non
400 1873 577 1933 opponatur
598 1861 715 1923 rationi
730 1859 892 1936 evidenti,
927 1855 1007 1933 ioqui
1024 1861 1203 1936 opinionem
1232 1857 1432 1935 probabilem
1451 1855 1519 1922 ello
1541 1857 1629 1933 quod
1643 1856 1695 1918 da·

112 1937 288 2013 Scriptmae
303 1934 338 2002 bt
356 1935 535 2002 Traditioni
554 1983 564 2014 ,
585 1933 633 2000 led
656 1936 825 2002 rationibus
840 1955 892 2002 et·
927 1949 1034 2014 retur,
1055 1957 1091 2003 ac
1110 1939 1202 2002 derue
1217 1942 1269 2002 vit
1281 1940 1393 2016 aliquis
1423 1935 1558 2014 sapiens,
1576 1939 1626 2011 qui
1649 1937 1695 1998 iu·

113 2020 180 2083 iarn
199 2021 245 2082 ita
274 2019 417 2098 prsvlbtss
445 2020 521 2080 niara
552 2013 618 2094 stt,
646 2015 720 2082 idest
739 2033 808 2093 ques
827 2035 890 2082 tam
924 2015 1041 2080 dicaret
1059 2014 1225 2082 &iudicet
1245 2037 1309 2082 non
1327 2018 1390 2082 elle
1409 2018 1599 2081 contrariam
1612 2013 1694 2076 Scri·

115 2115 219 2176 prope
247 2099 286 2162 ad
305 2099 475 2162 veritatem
496 2096 648 2176 accedat,
676 2113 714 2161 ur
741 2096 812 2160 licet
830 2117 892 2161 non
925 2115 1047 2173 prtum,
1065 2093 1264 2182 Traditioni,
1280 2095 1430 2174 resteque
1447 2096 1583 2159 rationi:
1604 2093 1693 2158 Alias

114 2195 214 2256 coget
234 2179 272 2242 ad
293 2173 440 2242 allensurn
462 2223 471 2252 ,
497 2171 666 2240 satisfaciat
687 2195 794 2242 tamen
823 2179 892 2241 siro
925 2172 1111 2238 excusabiles
1131 2175 1229 2241 client
1251 2180 1283 2240 in
1303 2173 1362 2242 suis
1377 2173 1527 2242 erroribus
1551 2171 1693 2236 inlideles

116 2259 265 2334 prudenti
285 2253 319 2322 dt
336 2255 464 2332 sapienti
474 2277 485 2330 ς
501 2273 623 2320 necnon
643 2259 687 2321 ita
708 2254 835 2334 solidis,
854 2271 891 2321 ut
925 2253 959 2320 ἀ
979 2254 1114 2319 beterici
1128 2277 1140 2334 ;
1155 2277 1226 2320 curn
1241 2275 1348 2322 eorum
1363 2257 1423 2320 riri
1444 2249 1594 2331 sapientes
1624 2271 1694 2328 pro·

114 2351 258 2412 nequeat
273 2331 686 2401 eitulalsaratdemonllrari.
708 2333 890 2400 Huiusmodi
924 2331 1047 2410 scriptas
1061 2338 1224 2414 opiniones
1239 2332 1406 2400 sustineant
1419 2380 1429 2409 ‚
1442 2353 1477 2398 ac
1497 2333 1566 2398 aliis
1582 2327 1694 2408 prule.-

112 2414 165 2478 eli
196 2418 305 2494 opinio
338 2413 499 2493 probabilis
522 2435 591 2491 qua
621 2433 639 2480 a
668 2417 887 2481 recentioribus
926 2415 1080 2490 rant,oti
1096 2435 1160 2478 non
1181 2414 1378 2480 adversantes
1404 2413 1593 2496 Scriptura,
1608 2409 1692 2475 Tra·

117 2491 326 2561 Probabilistis
349 2490 546 2558 defenditur.
572 2493 671 2574 igitur
702 2496 822 2560 licitum
846 2492 890 2558 eil
924 2493 1057 2570 ditiori,
1077 2515 1113 2558 ac
1125 2493 1218 2560 cedias
1236 2495 1351 2560 rationi
1375 2519 1385 2557 .·
1407 2493 1693 2558 immoiildemrno·
1779 2555 1782 2562 ,

114 2593 191 2640 eam
209 2571 308 2652 isqui,
329 2577 426 2670 etiam
441 2575 472 2637 in
491 2573 639 2668 concursu
652 2575 785 2670 'alresiru
800 2622 810 2652 ,
825 2573 892 2638 sive
925 2576 1040 2636 mentis
1057 2569 1126 2638 luas
1143 2577 1187 2637 illi
1209 2590 1418 2668 propagasse.
1436 2571 1504 2638 Hoc
1524 2569 1696 2664 autconda<

114 2652 795 2811 ”semiustam
924 2668 1075 2804 iiiiii
1088 2649 1387 2821 illidii}
1401 2648 1691 2820 ‚irritus

113 2811 188 2876 dili.
208 2815 281 2878 min.
311 2810 528 2875 Huiuscemodi
557 2807 600 2874 eii
623 2815 731 2886 opinio
753 2809 890 2887 probabi·
928 2823 954 2885 ς.
969 2811 1146 2873 Generatim
1154 2810 1226 2872 dum
1242 2803 1692 2890 pmnbihiaie,·fiverrslrsrtsr·

110 2893 183 2972 lis,
206 2911 276 2968 quse
298 2909 354 2966 pro
379 2891 522 2954 libertate
552 2887 726 2954 defendam
746 2911 764 2955 a
788 2908 891 2954 recen·
922 2907 977 2965 τι,
989 2888 1060 2966 five
1074 2887 1236 2976 extrinseca
1251 2889 1448 2980 pastinavit
1462 2889 1585 2967 aaran,
1602 2888 1687 2950 mado

107 2970 256 3036 tiorrbut
275 2965 498 3057 Probabiliilia,
514 2965 779 3046 ablulatelumpta
793 2993 805 3047 ,·
820 2977 888 3034 con.
926 2961 1184 3056 epiphaniensis
1201 2965 1315 3048 finrlas
1341 2989 1398 3032 nnn
1421 2981 1571 3043 samur,
1591 2965 1691 3043 sosfiss

108 3056 194 3114 min.
216 3050 249 3112 in
269 3049 415 3114 oonsurlu
437 3045 667 3126 probabilioris,
688 3069 752 3128 neg.
772 3045 891 3114 min&
923 3043 1161 3127 cqurrdegr'rrser
1174 3071 1188 3121 ;·
1194 3046 1307 3127 semper
1319 3045 1463 3126 pudere
1477 3045 1608 3128 minus.

108 3125 238 3204 oonseq.
254 3125 460 3192 Probabilillae
479 3131 564 3191 enirn
592 3149 645 3203 pro
674 3128 817 3206 gravibus
842 3148 887 3192 ra·
962 3125 1135 3204 opponunt
1153 3127 1219 3189 Vll.
1237 3129 1268 3192 Si
1290 3126 1428 3192 absolrrte
1448 3123 1687 3212 licetlequiopip

111 3207 258 3272 tionibus
275 3225 337 3271 non
359 3206 538 3284 intelligunt
552 3208 691 3271 rationes
707 3227 775 3286 quse
795 3227 887 3286 apat·
922 3209 1048 3268 nionem
1075 3206 1261 3282 probabilem
1281 3205 1421 3272 onavibus
1450 3205 1607 3272 suffultam
1622 3221 1692 3276 mor·

109 3306 145 3351 te
169 3285 270 3354 rei&
291 3283 428 3351 absolute
444 3305 527 3350 verae
548 3283 641 3378 [ιρις
662 3285 824 3352 led'ulrro
840 3284 886 3352 fa·
922 3285 1142 3364 mentis,licer
1173 3306 1241 3351 eam
1266 3255 1354 3364 lpeqsu
1369 3288 1466 3350 etlam
1486 3289 1517 3350 in
1530 3279 1688 3350 concursu

109 3383 227 3432 tantur
247 3369 441 3443 inopinione
463 3363 609 3440 probabili
631 3361 798 3430 falsitatem
819 3367 883 3432 inb
925 3361 1132 3440 probabilioris
1150 3365 1185 3432 ἀ
1201 3369 1351 3431 tutioris.
1380 3366 1465 3430 Nam
1481 3364 1624 3430 iudicium
1642 3380 1687 3436 κο,

108 3446 174 3510 elle
194 3447 297 3526 polle.
324 3445 493 3510 Hioccnm
513 3439 624 3508 laistim
650 3465 811 3521 nusrquarn
834 3467 889 3512 ve·
922 3447 981 3516 aue
1003 3443 1130 3518 prudens
1155 3443 1192 3509 fit
1214 3450 1245 3508 in
1274 3447 1374 3524 primo
1394 3465 1429 3510 ac
1445 3449 1477 3508 in
1493 3441 1687 3516 secundom

112 3529 217 3591 ritate
236 3530 373 3603 nitatur,
389 3523 753 3588 licetluerationestales
762 3519 889 3604 linrut,
924 3521 972 3586 lu.
993 3521 1089 3586 Certe
1118 3528 1274 3588 motivum
1303 3544 1398 3605 grave
1422 3525 1500 3601 quand
1528 3521 1620 3589 lemel
1640 3517 1687 3586 est

111 3602 243 3683 sumpts
256 3606 401 3682 opinione
431 3599 575 3680 probabili
595 3599 752 3680 absolute,
773 3623 792 3668 a
812 3608 889 3668 uiris
921 3599 1119 3666 sufficiensad
1132 3605 1312 3678 prodentem
1320 3600 1488 3681 trienium,
1503 3600 1591 3666 debet
1609 3593 1687 3674 lem·

112 3688 233 3752 matun
264 3683 365 3749 iudicii
398 3703 481 3748 verae
511 3679 632 3746 censeri·
652 3677 798 3759 poll'tntr
826 3701 888 3748 non
943 3702 976 3744 er
991 3679 1111 3746 cenleri
1144 3679 1294 3748 sufficiens
1323 3683 1361 3746 ad
1382 3683 1476 3748 talem
1504 3677 1685 3766 allenium.-

113 3781 228 3832 tamen
248 3762 278 3829 id
294 3764 443 3842 eveniet,
460 3759 481 3824 ss
497 3763 603 3839 opinio
611 3779 807 3836 comparetur
818 3783 889 3828 curn
939 3760 1056 3838 cleopae
1074 3755 1215 3838 iopinio
1231 3760 1390 3838 probabilis
1412 3783 1452 3827 ea
1481 3759 1687 3826 huiulcemodi

112 3843 352 3923 probabiliore,
380 3848 465 3908 cuins
490 3846 623 3908 rationes
642 3839 719 3907 sicut
742 3846 889 3908 maiorem
923 3837 1069 3919 genubus
1089 3846 1252 3906 momentis
1267 3839 1405 3908 absolute
1428 3839 1543 3920 sumpta
1558 3837 1687 3918 pruden-

116 3925 269 3988 vetieatis
289 3923 307 3988 i
362 3928 367 3938 '
388 3917 643 4001 mpnelesesunt,
663 3927 707 3986 ita
723 3921 825 3988 llatim
837 3924 887 3988 de·
924 3937 973 3984 ter
988 3920 1142 3984 iudicetur
1161 3941 1196 3984 ur
1218 3941 1314 3998 uera,¹
1329 3925 1391 3987 erit
1412 3920 1531 3984 licitum
1550 3937 1619 3984 eam
1637 3911 1690 3980 se·

114 3941 890 4158 rrrafriiinruminatur
922 3997 1153 4146 urei
1167 3999 1690 4151 ieiunorium

115 4161 182 4226 deri
207 4181 381 4240 rtequeunt.
404 4161 445 4227 Et
464 4163 571 4225 eadem
591 4165 712 4226 ratione
731 4169 889 4228 eremitar
923 4159 1061 4236 ponderis
1082 4181 1136 4238 pro
1156 4157 1216 4237 ipsa
1239 4161 1318 4226 llent
1338 4163 1504 4236 rationes,
1531 4177 1594 4222 non
1624 4157 1685 4220 erit

115 4249 221 4308 etiam
250 4243 350 4307 altera
381 4242 652 4320 argumentationis
669 4261 737 4318 pars
768 4267 778 4305 .-
807 4244 885 4318 quod
922 4241 1095 4317 imprudens
1112 4235 1280 4322 censendus
1299 4245 1350 4316 qui
1368 4240 1454 4304 illam
1474 4257 1581 4303 veram
1608 4233 1688 4304 indu

116 4317 279 4388 icilicetsr
308 4325 414 4386 o'nio
443 4318 601 4397 probabilia
627 4339 687 4383 non
713 4340 889 4399 opponatur
921 4317 1075 4396 casem&
1096 4325 1128 4384 in
1157 4319 1380 4400 diripiendorum
1402 4333 1522 4382 morum
1550 4313 1688 4406 reg'ulam

118 4399 311 4479 Scriptura,
363 4401 531 4476 raditioni,
547 4419 582 4462 ac
600 4400 885 4480 rationieridenri,
921 4400 1068 4478 eligeret.
1090 4399 1136 4466 Eo
1153 4403 1235 4466 enim
1252 4398 1315 4476 ipio
1340 4397 1419 4472 quod
1444 4415 1503 4458 una
1519 4412 1628 4471 opimo
1647 4389 1688 4460 irc

117 4479 210 4546 licite
228 4483 263 4546 in
279 4480 415 4560 regulam
435 4475 634 4556 regendorum
662 4499 781 4543 snorum
805 4480 885 4546 adiu·
923 4477 1123 4558 probabilior,
1138 4498 1199 4544 non
1228 4475 1367 4556 sequitur
1392 4471 1469 4550 qtrod
1492 4475 1597 4550 opinio
1613 4489 1688 4538 vere

18 4557 20 4566 ’
116 4561 233 4626 mitur.
249 4560 330 4624 Nam
352 4581 424 4625 cum
454 4555 656 4623 Pmbabiiilln
683 4577 746 4622 non
770 4560 886 4625 intelli·
923 4556 1084 4632 probabilis
1105 4556 1222 4624 nonsit
1243 4555 1372 4632 amplius
1394 4571 1466 4617 vere
1496 4552 1686 4630 probabilis.

117 4654 197 4720 pant
211 4642 390 4716 opinionem
405 4635 591 4716 probabilem
612 4634 736 4702 realiter
745 4639 881 4715 Scriptu-
924 4637 965 4702 Et
987 4636 1007 4701 sr
1029 4636 1194 4713 probabilis
1211 4633 1306 4710 norell
1337 4632 1398 4696 elie
1426 4627 1499 4698 falsa
1517 4679 1527 4713 ,
1546 4629 1687 4714 probabi·

115 4737 164 4783 rae
176 4765 186 4794 ,
200 4716 393 4797 Traditioni,
405 4740 440 4784 ac
461 4713 548 4782 sellas
567 4717 752 4783 rationielie
760 4715 879 4786 confor-
926 4719 984 4784 lior
999 4735 1119 4795 qaoque
1138 4713 1237 4794 potell
1252 4711 1313 4778 eiie
1330 4709 1418 4775 talis.

115 4815 222 4874 menas
241 4819 281 4864 eo
301 4799 488 4877 quiaopioio
508 4795 687 4877 probsbilis,
706 4813 799 4876 prout
808 4819 877 4878 pro·
964 4793 1052 4874 llelp.
1072 4814 1139 4876 neg.
1171 4811 1235 4862 ant.
1267 4788 1392 4864 Etiamsi
1428 4789 1571 4858 iudicium
1597 4807 1688 4868 aeque

193 4880 279 4952 Tu»
300 4883 324 4946 l·
488 4963 507 4990 Χ
1339 4869 1358 4935 l
1395 4885 1412 4952 3
1574 4889 1646 4948 pru·
