4070 5460
362 251 418 332 qa
622 223 793 304 Tutor.
824 249 879 302 os
910 223 1351 306 Acassos'iaonanrs
1383 229 1485 304 Car.
1514 225 1577 302 lis.
1637 239 1642 246 ·

315 335 455 409 tionem3
473 323 517 392 stc
531 323 700 393 sublevatio
716 328 854 406 pauperis
873 325 914 392 esi
930 323 1086 392 obiednm
1121 325 1244 394 tametsi
1265 349 1318 410 per
1337 329 1564 394 accideus'eam
1584 323 1690 396 asine
1710 329 1884 405 extrinkco

317 409 446 478 sormale
460 405 539 485 altus
559 406 794 486 misericordiae,
813 409 884 486 quia
907 409 1077 472 virtusmi·
1122 407 1174 474 vel
1193 429 1210 472 a
1229 405 1533 476 tirctrmslantiisteci
1557 409 1642 480 iant5
1663 413 1782 487 quando
1795 435 1886 482 nem-

318 487 489 558 sericordiae
511 488 612 552 tendit
628 491 663 550 in
678 485 831 553 miseriam
846 490 1013 564 pauperis,
1041 501 1077 552 ut
1121 508 1159 565 pe
1178 487 1260 556 adius
1279 492 1434 554 bonusest
1454 489 1505 554 ohi
1553 485 1631 552 oht
1651 490 1746 556 malus
1766 514 1807 560 ex
1822 493 1885 560 hnc

319 567 415 652 ipsum
437 568 474 635 ab
490 587 527 632 ea
548 567 708 634 sublevet.
728 569 833 645 Quare
849 565 998 632 obiestum
1017 561 1082 632 ior·
1118 567 1201 633 malo
1215 569 1268 636 .ves
1287 591 1327 633 ex
1346 569 1428 635 mna
1446 565 1692 636 circumstantia.
1717 569 1810 640 lidius
1832 591 1884 640 ta-

317 650 441 718 malitet
459 645 682 714 consideratum
698 647 813 724 semper
833 645 876 710 est
897 645 1007 734 illude
1021 667 1083 724 quo
1117 669 1187 713 men
1204 647 1380 714 indifferens
1407 667 1469 714 non
1486 646 1576 714 dehet
1592 645 1747 718 desumere
1762 650 1882 718 bonita-

318 730 564 808 adhiotamquam
584 748 604 793 a
620 725 721 793 ‘forma
740 723 948 808 specificatur,
968 727 1020 790 seu
1032 746 1083 792 ac-
1118 743 1255 796 temnet
1276 729 1427 795 malitiam
1444 727 1480 794 ab
1494 724 1631 809 abieno,
1651 747 1761 810 utpote
1793 735 1825 796 ui
1838 732 1881 798 se·

316 814 391 890 cipit
406 805 521 876 sttams
551 805 671 873 cilicem
686 804 1080 873 tationemseueiientiamt
1115 808 1348 876 cundumsuam
1364 808 1492 890 speciem
1516 827 1609 884 quam
1632 827 1673 872 ert
1697 809 1746 876 obi
1834 813 1882 878 io·

318 889 394 958 idest
415 889 499 956 ailus
535 909 663 954 omanus
682 885 881 954 constituitur
896 888 928 950 in
945 885 1002 952 tali
1021 885 1082 951 eise
1117 883 1215 969 {petto
1235 893 1366 969 accipit,
1385 907 1483 966 neque
1499 885 1593 952 bonus
1612 885 1676 964 est,
1696 908 1796 968 neque
1811 912 1879 957 ma-

318 968 426 1036 morali
446 968 543 1036 bonus
562 969 701 1048 quidem,
728 965 750 1030 st
770 963 917 1032 obiedhum
937 967 975 1032 ob
997 964 1082 1031 suam
1118 968 1189 1035 lus:
1217 993 1287 1036 cum
1309 989 1349 1036 est
1369 968 1427 1036 hoc
1451 967 1571 1032 dicatur
1589 966 1790 1034 indifferens.
1819 969 1878 1035 Sed

314 1049 568 1126 conformitatem
586 1048 624 1112 ad
644 1047 741 1128 segem
760 1045 873 1112 bouum
889 1044 954 1125 ht3
984 1045 1081 1110 malus
1118 1071 1195 1116 nunc
1215 1051 1252 1114 de
1268 1051 1389 1116 asiuum
1406 1047 1606 1114 humanorum
1631 1045 1787 1114 honestate
1815 1047 1879 1120 scr·

316 1149 414 1207 vero,
434 1128 454 1192 st
471 1128 619 1196 obiedium
634 1126 674 1193 oh
687 1127 771 1194 sumn
787 1123 1082 1194 disconvenientiam
1117 1151 1167 1195 mo
1188 1127 1335 1196 habetur.

317 1229 336 1274 a
356 1209 423 1290 lege
442 1207 626 1288 stemaium,
644 1223 680 1274 ut
696 1229 735 1274 ex
750 1207 788 1270 D.
799 1203 1079 1294 AugustinoTrali.
1155 1209 1205 1276 Ad
1222 1209 1253 1276 id
1272 1207 1351 1288 quod
1367 1209 1479 1274 dicitur
1492 1208 1530 1272 de
1546 1207 1613 1274 adiu
1632 1207 1804 1276 innam&
1819 1231 1880 1276 ex·

316 1287 360 1352 11.
372 1291 404 1352 in
416 1285 508 1366 Epist.
535 1289 626 1366 kata.
642 1287 685 1352 ad'
695 1287 844 1376 Parthos:
865 1286 948 1351 Talis
960 1285 1081 1374 estquis·
1117 1305 1225 1366 terno,
1246 1288 1423 1368 dicendum,
1444 1290 1510 1356 dari
1527 1285 1648 1366 quidem
1660 1292 1743 1354 inter
1759 1308 1879 1354 tetrum·

314 1387 371 1446 qne
390 1415 399 1445 ,
426 1369 524 1446 qualis
551 1367 616 1433 eins
639 1367 781 1434 dinnao.
812 1367 940 1431 Terram
962 1366 1080 1446 diligis?
1116 1375 1175 1448 tine
1191 1386 1333 1436 mutuum
1354 1367 1501 1437 honitatis
1516 1369 1549 1434 &
1564 1367 1689 1434 malitiae
1707 1367 1825 1434 fluxum
1842 1368 1878 1434 dc

315 1447 503 1514 Terrestris.
524 1454 619 1514 &aar
630 1445 753 1530 diligis?
773 1447 859 1531 Quid
870 1446 988 1526 dicam,
1002 1452 1081 1512 oeus
1117 1449 1290 1528 refluxum,
1310 1448 1383 1516 idest
1403 1466 1544 1514 mutuam
1566 1451 1879 1514 communicationem

314 1525 399 1592 eris?
422 1526 555 1594 Ohieihii
577 1525 774 1593 iturbonitas
794 1547 856 1591 non
874 1527 1016 1592 utilitate
1025 1544 1080 1591 atat
1115 1530 1264 1596 bonitatis
1283 1528 1317 1596 δε
1338 1529 1488 1608 malitiae3
1509 1527 1558 1592 sed
1579 1529 1612 1590 in
1628 1523 1748 1592 diverso
1764 1547 1877 1608 genere

313 1604 537 1688 deleflatione,
624 1605 783 1674 horresiate
799 1603 863 1672 sola
876 1606 1039 1685 pensatur·
1115 1609 1242 1676 cantiae.
1264 1608 1355 1674 Asius
1381 1611 1492 1688 quippe
1511 1611 1652 1672 internus
1676 1605 1729 1671 res
1745 1611 1799 1672 icit
1824 1626 1878 1672 est·

208 1705 285 1758 nncr
353 1686 535 1754 Abohiedio
551 1687 792 1763 adiushumrni,
810 1685 874 1752 sive
890 1688 1024 1764 interni,
1046 1684 1081 1748 sr-
1117 1709 1240 1756 ternum
1264 1707 1299 1754 ut
1321 1687 1491 1754 nsensuram
1511 1687 1545 1753 dt
1564 1685 1696 1750 caussam
1717 1631 1878 1752 thanatan:

176 1769 284 1822 tonant
313 1785 354 1834 te
373 1772 515 1847 emillis
534 1771 616 1846 prius
636 1766 719 1832 silim
738 1763 898 1832 desumunt
911 1763 1081 1842 specificam
1115 1770 1339 1849 extrinsecam,
1354 1789 1447 1846 quam
1463 1771 1494 1830 in
1511 1768 1687 1830 intentione
1705 1785 1797 1842 agens
1822 1764 1878 1828 sthi

177 1833 300 1946 quaete-
314 1848 547 1926 moralitatem,
564 1865 674 1924 nempe
701 1845 787 1911 sitam
812 1845 1011 1911 intrinsecam
1030 1845 1081 1910 seu
1117 1853 1258 1929 proponit
1280 1866 1317 1915 ut
1336 1852 1424 1912 iuxta
1441 1847 1526 1910 illam
1540 1858 1706 1936 operetur,
1729 1841 1808 1938 adius
1820 1863 1876 1908 ve·

172 1910 509 2025 sffi'ip'fflsicntiasem
528 1927 710 2018 bonitates-n·
728 1925 762 1990 &
783 1925 965 2004 malitiam,
991 1945 1080 2004 quam
1116 1951 1150 1996 ro
1169 1947 1317 1998 externus
1333 1926 1506 1994 honitatem
1526 1919 1721 2016 &malitiam
1741 1921 1779 2016 ah
1794 1941 1880 2016 ¹inte·

173 2025 280 2076 estesse
316 2005 421 2073 afine
437 2004 611 2072 extrinseco
631 2005 665 2070 ἃ
684 2003 996 2071 crrcusnsiantiiseacn
1015 2027 1081 2070 mu·
1117 2013 1244 2080 riurein
1260 2027 1369 2087 genere
1387 2005 1497 2071 caussa
1517 2001 1676 2066 efficientis
1732 2019 1880 2082 rtrcrpat.

172 2086 280 2143 boniss.
315 2085 600 2163 tuentur.·Unde,
615 2103 651 2150 ut
671 2085 768 2150 tradit
787 2085 818 2148 S.
836 2083 998 2164 Thomas,
1026 2084 1081 2150 oh·
1115 2089 1237 2156 Planius
1258 2090 1354 2154 etiam
1369 2085 1428 2150 dici
1445 2079 1562 2163 potest,
1582 2100 1647 2147 tam
1663 2101 1679 2144 a
1710 2101 1760 2144 um
1777 2083 1878 2148 intet-

172 2163 246 2205 Μ·
304 2165 425 2232 dedum
445 2163 474 2233 se
495 2163 586 2230 habet
606 2181 645 2230 uc
669 2161 768 2230 sot-ma
785 2163 820 2229 dc
839 2165 945 2243 tegula
961 2169 1080 2229 extrin·
1114 2189 1298 2244 numquam
1318 2184 1510 2242 externum,
1537 2182 1666 2240 quornm
1684 2158 1737 2226 ,est
1764 2161 1875 2226 eadem

312 2243 380 2311 seca
410 2241 587 2312 menstrrans
609 2243 690 2310 ailus
720 2243 845 2310 humani
880 2245 1078 2311 bonitatem.
1114 2246 1298 2326 moralitas,
1328 2247 1501 2323 primariam
1527 2242 1698 2308 bonitatem
1717 2237 1872 2306 desumere

302 2325 405 2403 .de
424 2325 545 2402 quidem
566 2324 750 2401 intelligitur
780 2325 817 2388 de
841 2321 960 2390 ohieiio
980 2375 988 2406 ,
1017 2344 1079 2388 non
1114 2327 1152 2393 ab
1171 2325 1287 2391 obieiio
1299 2325 1349 2390 seu
1367 2345 1384 2388 a
1400 2327 1531 2388 materia
1546 2339 1697 2398 externa,
1716 2340 1778 2385 non
1795 2319 1876 2402 phy-

311 2421 403 2484 prout
413 2408 445 2470 in
466 2399 495 2470 se
515 2403 669 2481 inediam,
688 2401 761 2468 idest
778 2402 1079 2470 consideratol'ecun·
1114 2406 1171 2471 srce
1181 2455 1196 2485 ,‚
1209 2404 1412 2472 materialiter
1430 2453 1438 2484 ,
1465 2401 1517 2467 seu
1533 2404 1705 2467 entitative
1725 2396 1872 2480 sumpta,

312 2485 385 2552 dum
404 2488 572 2552 entitatem
592 2483 727 2558 realem,
743 2479 794 2549 scd
812 2501 905 2562 prout
925 2481 1078 2548 subestin·
1113 2483 1165 2552 sed
1184 2504 1221 2550 ut
1240 2483 1374 2550 consona
1390 2504 1422 2548 re
1444 2483 1656 2560 alienorum,
1674 2499 1767 2557 quam
1788 2495 1875 2572 uter·

312 2563 448 2630 tellcdiui
464 2563 542 2630 illud
559 2568 590 2631 in
630 2583 722 2642 encre
740 2561 948 2643 moris,idest
971 2580 1007 2626 ut
1023 2563 1085 2626 hoa
1114 2585 1172 2644 que
1188 2563 1269 2630 ailus
1289 2565 1407 2642 respicit
1474 2567 1623 2643 attingit:
1644 2579 1879 2636 externusqut-

314 2643 435 2710 nesium
453 2641 497 2710 est
516 2643 549 2710 dt
569 2665 601 2710 te
684 2647 798 2710 rationi
822 2634 1081 2720 consentaneum,
1113 2645 1182 2710 dem
1202 2645 1394 2722 immediate3
1416 2641 1450 2712 ἀ
1470 2645 1611 2710 internus
1620 2670 1633 2722 ,·
1651 2640 1805 2704 mediante
1820 2657 1878 2703 est·

313 2718 559 2804 repraesentanti,
574 2721 626 2790 seu
651 2743 740 2802 prout
762 2723 835 2788 illud
849 2721 893 2786 est
912 2717 1078 2786 consonum
1115 2745 1225 2791 terno.
1249 2724 1338 2789 Unde
1359 2742 1485 2804 uterque
1501 2721 1582 2788 adius
1605 2726 1638 2784 in
1662 2717 1794 2784 moribus
1813 2735 1878 2782 non

314 2801 425 2884 tegulis
444 2824 594 2884 motum,
621 2803 654 2870 dt
679 2805 820 2869 indutum
844 2801 1080 2868 circumstantiis
1114 2807 1239 2885 ponitur
1259 2807 1292 2868 in
1313 2824 1466 2883 numero,
1493 2802 1567 2868 idest
1587 2821 1651 2868 non
1674 2814 1876 2879 computatur

312 2879 498 2949 honestatis.
519 2881 673 2962 Siquidem
693 2883 730 2949 ad
746 2881 826 2948 idem
844 2880 1005 2946 materiale
1023 2881 1078 2946 oh-
1114 2902 1150 2951 ut
1166 2883 1342 2962 duoatius,
1361 2884 1411 2949 sed
1452 2903 1488 2948 to
1504 2903 1570 2950 uno
1582 2882 1767 2960 eodemque.
1783 2875 1879 2944 Hisce

311 2959 424 3030 seeum
444 2983 507 3030 non
525 2965 625 3028 minus
643 2962 725 3029 ailus
740 2961 811 3027 mali
828 2983 919 3040 quam
942 2959 1012 3024 honi
1034 2959 1078 3024 se·
1114 2968 1210 3046 igitur
1230 2964 1405 3044 praemissis,
1426 2905 1464 3030 iit
1484 2963 1657 3033 conclusio·
1858 2987 1864 2997 ·

311 3059 445 3119 astatur,
467 3043 607 3109 eamdem
619 3047 780 3122 pecuniam
789 3061 886 3186 ¹guam
907 3057 1079 3118 amatam·
1152 3043 1244 3120 Qod
1265 3043 1345 3109 adius
1367 3046 1490 3113 humani
1512 3039 1631 3110 sumant
1641 3042 1812 3134 honitatem
1821 3035 1877 3102 vel

312 3143 364 3188 rus
383 3123 437 3188 rita
452 3123 658 3206 diuitiarum,
687 3123 777 3190 flocci
825 3125 869 3189 cit
889 3125 940 3186 vir
959 3109 1076 3184 sandius
1114 3123 1265 3196 malitiam
1281 3125 1430 3190 moralem
1447 3123 1639 3200 asostetto,
1668 3138 1759 3198 prout
1776 3115 1876 3196 ipsum

312 3195 590 3268 thesaurizanssrbi
612 3196 771 3278 thesauros
792 3204 827 3262 in
847 3197 955 3262 caelo:
990 3197 1077 3264 sicuti
1113 3201 1259 3272 obieiium
1286 3203 1382 3270 s'uhest
1409 3201 1577 3273 intelsedhui
1605 3201 1681 3266 illud
1713 3204 1745 3264 in
1766 3215 1878 3280 genere

310 3282 405 3346 etiam
424 3285 457 3346 in
477 3281 673 3360 speculativis
698 3277 778 3343 idem
800 3275 968 3358 officiium,
987 3295 1077 3356 prout
1113 3287 1204 3348 moris
1221 3281 1469 3363 repraesentasti.
1492 3281 1620 3348 Constat
1638 3281 1666 3344 id
1684 3301 1724 3346 ex
1740 3281 1878 3358 Scriptu-

309 3359 499 3428 divetsorom
518 3357 612 3426 subest
629 3359 741 3424 hintini
755 3361 982 3437 principiorum,
999 3378 1016 3422 a
1033 3357 1078 3423 di·
1114 3385 1148 3428 ra
1164 3360 1243 3430 Osee
1257 3385 1323 3443 cap.
1335 3385 1383 3428 tx.
1401 3364 1488 3431 Falir'
1500 3361 1573 3444 sunt
1592 3357 1808 3434 abominabiles,
1822 3358 1878 3437 fic·

311 3441 403 3506 verfis
423 3459 544 3518 quoque
561 3437 692 3503 scientiis
713 3437 954 3504 consideratur.
983 3437 1076 3503 Obie·
1113 3456 1147 3507 ur
1167 3465 1202 3509 ea
1222 3465 1287 3524 qne
1307 3445 1492 3510 dilexerunt.
1515 3448 1594 3521 Quae
1619 3441 1715 3509 uerba
1729 3441 1809 3507 clare
1830 3441 1880 3500 in·

309 3517 393 3586 dirim
408 3520 490 3586 aditis
512 3518 1080 3598 humanicoinciditcumfineoperis,
1113 3523 1218 3590 dicant
1248 3523 1368 3590 adiutam
1398 3523 1602 3592 humanorum
1633 3523 1809 3596 malitiam,
1839 3519 1882 3582 oh

311 3599 365 3665 seu
384 3621 457 3665 cum
471 3599 533 3662 fine
550 3596 717 3662 intrinseco
735 3601 922 3678 operationis
941 3621 949 3662 :
977 3603 1076 3664 omnis
1105 3623 1202 3680 quam
1219 3603 1360 3672 homost
1383 3604 1454 3669 Deo
1473 3601 1712 3678 abominabilis,
1741 3599 1880 3662 derivari

311 3683 396 3746 enim
411 3679 554 3760 potentia
571 3677 673 3744 tendit
693 3698 745 3756 pet
761 3682 970 3758 operationem
980 3683 1011 3742 in
1020 3678 1076 3746 oh·
1113 3683 1150 3748 ab
1170 3683 1292 3749 obicitis
1313 3683 1399 3748 malis
1422 3687 1456 3748 in
1476 3705 1542 3759 quae
1564 3681 1686 3758 tendit,
1715 3678 1748 3744 dt
1769 3675 1881 3755 quibus

309 3757 422 3824 renum
441 3761 523 3822 circa
539 3757 617 3834 quod
636 3775 796 3836 operatur.
820 3761 859 3825 Et
884 3759 941 3825 hoc
961 3759 1077 3824 intelli·
1113 3761 1246 3829 efficitur
1266 3763 1388 3828 malus.
1420 3763 1510 3826 Unde
1525 3764 1554 3826 S.
1583 3758 1767 3840 Augustinus
1789 3756 1879 3847 Epist:

330 3841 357 3902 it
372 3839 401 3900 S.
428 3835 594 3914 Thomas,
622 3837 693 3906 dum
715 3840 867 3906 interdum
889 3843 935 3906 ait
957 3888 967 3918 ,
994 3839 1075 3904 astuta
1112 3844 1173 3908 clv.
1188 3846 1231 3908 ad
1249 3843 1364 3908 Maesa.
1383 3842 1458 3906 alias
1480 3843 1538 3906 lrr.
1562 3844 1639 3918 ait:
1669 3843 1771 3904 Mases
1786 3841 1877 3919 noster

304 3861 641 4006 ,itimarosspecisctn
662 3939 681 3984 a
699 3917 787 3984 fine.
818 3923 970 3999 Loquitur
993 3921 1075 3982 enim
1113 3966 1214 3986 .....
1236 3945 1274 3990 ex
1294 3945 1324 3987 ea
1345 3922 1422 4001 qaod
1435 3922 1554 4004 quasque
1573 3921 1695 4002 diligit,
1715 3917 1879 3984 diiudicari

306 4015 372 4064 non
393 3993 430 4061 tie
447 4001 510 4064 stne
525 4002 681 4076 operantis
701 3996 892 4078 extrinseco,
908 3999 962 4062 seu
985 4020 1075 4078 quem
1106 4002 1219 4082 saleni:
1241 4003 1274 4068 dt
1291 4005 1329 4066 D.
1343 4003 1480 4068 Thomas
1499 4025 1525 4068 1.
1542 4005 1877 4087 aquilensium.

307 4073 360 4140 sibi
382 4095 472 4172 agens
493 4079 658 4157 proponit;
680 4075 730 4143 sed
746 4079 783 4144 de
800 4080 861 4146 stne
882 4079 1074 4157 intrinseco,
1112 4103 1140 4146 a.
1157 4084 1189 4148 in
1204 4101 1275 4162 casp.
1299 4087 1367 4148 ait:
1389 4083 1493 4148 Prima
1509 4083 1619 4150 bonitas
1645 4087 1729 4148 acius
1754 4080 1879 4146 moralis

303 4155 360 4224 scu
376 4175 497 4236 opens,
516 4161 659 4234 inquens
678 4157 755 4226 adio
771 4158 878 4238 sponte
915 4160 1073 4238 rependit:
1111 4163 1279 4228 attenditur
1300 4185 1338 4227 ese
1357 4163 1459 4231 aliens
1480 4164 1589 4246 legibus
1609 4162 1800 4230 conveniente
1815 4203 1876 4222 ......

305 4259 329 4302 a
346 4257 409 4314 quo
424 4235 503 4322 adhue
520 4235 670 4305 humanus
686 4243 864 4318 primatiam
885 4182 967 4304 iiiam
984 4241 1073 4306 sumit
1112 4244 1250 4308 Primum
1272 4247 1386 4310 malum
1413 4245 1623 4312 incisionibus
1652 4241 1810 4308 moralibus
1841 4242 1880 4329 est

307 4317 326 4382 s
342 4315 592 4387 ecificationem.
617 4317 919 4407 intrinsecarum
939 4341 991 4400 per
1010 4343 1075 4387 tro·
1110 4345 1148 4390 ex
1163 4323 1269 4391 obier'lo
1291 4327 1399 4406 legibus
1416 4324 1653 4406 disconveniente
1673 4347 1681 4388 :
1705 4327 1781 4406 stant
1800 4341 1878 4386 ascr-

330 4419 381 4464 utn
401 4399 585 4491 conditionis
601 4397 1075 4474 sinisextrinsecnsbonus:quia
1107 4421 1174 4484 perr
1195 4405 1310 4472 aliena.
1334 4407 1381 4471 Ab
1397 4407 1515 4473 ohiesto
1530 4409 1632 4484 enim,
1652 4398 1878 4480 ut‘didumesi,

307 4479 423 4556 honum
439 4477 495 4568 nist
512 4485 569 4546 nat
585 4479 682 4558 bene,
699 4477 774 4542 nihil
803 4479 881 4560 apud
898 4482 998 4548 Deum
1020 4504 1074 4552 va·
1112 4503 1269 4564 tamquam
1288 4509 1305 4552 a
1327 4482 1425 4554 forma
1445 4487 1479 4552 ὃ(
1500 4490 1620 4551 ratione
1638 4501 1802 4560 movente,
1822 4481 1880 4570 ha-

307 4555 374 4637 let,
392 4577 430 4638 ut
451 4561 504 4626 1¹10
520 4558 762 4626 10t0dit⁸mll⁵·
1112 4563 1163 4631 bet
1186 4566 1264 4632 adio
1280 4567 1412 4632 hnmana
1432 4586 1469 4632 ut
1494 4587 1534 4630 ex
1559 4567 1587 4630 se
1617 4565 1818 4638 essentialiter
1838 4561 1880 4625 ht

349 4637 460 4716 QUOid
475 4640 550 4705 ²¹50⁸
567 4637 750 4720 Ve¹0³stu⁵s
773 4639 845 4706 idest
857 4645 974 4724 malm,
994 4643 1073 4708 idem
1113 4643 1399 4728 conformisregulis
1415 4646 1673 4724 mortinetbona,
1690 4643 1710 4709 st
1727 4641 1880 4710 obicdhum

307 4740 430 4796 quoque
449 4717 635 4784 dicendum:
667 4741 777 4801 nempe
796 4727 967 4800 primariam
987 4723 1097 4872 mali-¹
1114 4731 1308 4806 praecipiatue
1329 4751 1344 4793 a
1368 4729 1465 4808 lege;
1494 4725 1695 4793 difformis&
1716 4725 1823 4798 mala,
1855 4718 1880 4783 st

305 4803 388 4868 tiam
407 4795 596 4870 escurialem
612 4817 668 4904 uer
683 4799 713 4866 se
734 4805 870 4884 accipere
891 4806 928 4878 ab
947 4803 1072 4888 obitdlo,
1112 4807 1263 4884 obielinm
1280 4808 1506 4900 prohihentur.
1536 4806 1626 4882 Unde
1644 4829 1728 4880 antor
1748 4805 1806 4878 Dei
1822 4799 1881 4868 bo·

1777 4903 1834 4952 nus
