<?xml version="1.0" encoding="UTF-8"?>
<!DOCTYPE html PUBLIC "-//W3C//DTD XHTML 1.0 Transitional//EN"
    "http://www.w3.org/TR/xhtml1/DTD/xhtml1-transitional.dtd">
<html xmlns="http://www.w3.org/1999/xhtml" xml:lang="en" lang="en">
 <head>
  <title>
</title>
<meta http-equiv="Content-Type" content="text/html;charset=utf-8" />
  <meta name='ocr-system' content='tesseract 3.04.00' />
  <meta name='ocr-capabilities' content='ocr_page ocr_carea ocr_par ocr_line ocrx_word'/>
</head>
<body>
  <div class='ocr_page' id='page_1' title='image "./institutionesth02boragoog_0328.png"; bbox 0 0 4058 5460; ppageno 0'>
   <div class='ocr_carea' id='block_1_1' title="bbox 396 176 1626 328">
    <p class='ocr_par' dir='ltr' id='par_1_1' title="bbox 396 176 1626 328">
     <span class='ocr_line' id='line_1_1' title="bbox 396 176 1626 328; baseline -0.025 1"><span class='ocrx_word' id='word_1_1' title='bbox 396 221 848 328; x_wconf 65' lang='lat' dir='ltr'>Tuncrnrunoa</span> <span class='ocrx_word' id='word_1_2' title='bbox 886 201 1166 312; x_wconf 68' lang='lat' dir='ltr'>Panaetio</span> <span class='ocrx_word' id='word_1_3' title='bbox 1206 223 1397 302; x_wconf 71' lang='lat' dir='ltr'>Camil.</span> <span class='ocrx_word' id='word_1_4' title='bbox 1492 176 1507 200; x_wconf 43' lang='lat'><em>⁶</em></span> <span class='ocrx_word' id='word_1_5' title='bbox 1552 221 1626 325; x_wconf 71' lang='lat'>303&#39;</span> 
     </span>
    </p>
   </div>
   <div class='ocr_carea' id='block_1_2' title="bbox 15 321 1836 4948">
    <p class='ocr_par' dir='ltr' id='par_1_2' title="bbox 15 321 1836 4948">
     <span class='ocr_line' id='line_1_2' title="bbox 113 321 1681 436; baseline -0.029 -4"><span class='ocrx_word' id='word_1_6' title='bbox 113 379 186 432; x_wconf 91' lang='lat' dir='ltr'>tuot</span> <span class='ocrx_word' id='word_1_7' title='bbox 202 357 391 436; x_wconf 84' lang='lat' dir='ltr'>Temporum</span> <span class='ocrx_word' id='word_1_8' title='bbox 417 351 476 418; x_wconf 87' lang='lat' dir='ltr'>srnt</span> <span class='ocrx_word' id='word_1_9' title='bbox 506 349 566 414; x_wconf 90' lang='lat' dir='ltr'>duo</span> <span class='ocrx_word' id='word_1_10' title='bbox 594 364 721 412; x_wconf 76' lang='lat' dir='ltr'>nunuro</span> <span class='ocrx_word' id='word_1_11' title='bbox 741 340 876 409; x_wconf 83' lang='lat' dir='ltr'>dillinlla</span> <span class='ocrx_word' id='word_1_12' title='bbox 913 335 1035 429; x_wconf 77' lang='lat' dir='ltr'>liliatam</span> <span class='ocrx_word' id='word_1_13' title='bbox 1055 331 1135 400; x_wconf 76' lang='lat' dir='ltr'>adut</span> <span class='ocrx_word' id='word_1_14' title='bbox 1154 328 1375 406; x_wconf 69' lang='lat' dir='ltr'>cenationem,</span> <span class='ocrx_word' id='word_1_15' title='bbox 1396 321 1469 390; x_wconf 81' lang='lat' dir='ltr'>idoli</span> <span class='ocrx_word' id='word_1_16' title='bbox 1484 339 1554 421; x_wconf 80' lang='lat' dir='ltr'>cum</span> <span class='ocrx_word' id='word_1_17' title='bbox 1570 328 1681 393; x_wconf 79' lang='lat' dir='ltr'>volan·</span> 
     </span>
     <span class='ocr_line' id='line_1_3' title="bbox 15 404 1680 521; baseline -0.028 -7"><span class='ocrx_word' id='word_1_18' title='bbox 15 427 20 466; x_wconf 66' lang='lat'><em>¹</em></span> <span class='ocrx_word' id='word_1_19' title='bbox 119 457 245 521; x_wconf 84' lang='lat' dir='ltr'>peccata</span> <span class='ocrx_word' id='word_1_20' title='bbox 261 442 294 502; x_wconf 92' lang='lat' dir='ltr'>in</span> <span class='ocrx_word' id='word_1_21' title='bbox 309 431 500 500; x_wconf 81' lang='lat' dir='ltr'>Confelsrone</span> <span class='ocrx_word' id='word_1_22' title='bbox 508 426 695 506; x_wconf 85' lang='lat' dir='ltr'>explicanda</span> <span class='ocrx_word' id='word_1_23' title='bbox 706 447 718 502; x_wconf 89' lang='grc'>,·</span> <span class='ocrx_word' id='word_1_24' title='bbox 738 423 877 503; x_wconf 84' lang='lat' dir='ltr'>quiaduo</span> <span class='ocrx_word' id='word_1_25' title='bbox 912 434 960 482; x_wconf 86' lang='lat' dir='ltr'>tas</span> <span class='ocrx_word' id='word_1_26' title='bbox 976 413 1068 482; x_wconf 82' lang='lat' dir='ltr'>libere</span> <span class='ocrx_word' id='word_1_27' title='bbox 1086 411 1182 478; x_wconf 85' lang='lat' dir='ltr'>cellar</span> <span class='ocrx_word' id='word_1_28' title='bbox 1202 408 1239 474; x_wconf 88' lang='lat' dir='ltr'>ab</span> <span class='ocrx_word' id='word_1_29' title='bbox 1253 408 1338 485; x_wconf 75' lang='lat' dir='ltr'>anu,</span> <span class='ocrx_word' id='word_1_30' title='bbox 1359 423 1394 472; x_wconf 89' lang='lat' dir='ltr'>ut</span> <span class='ocrx_word' id='word_1_31' title='bbox 1416 404 1445 470; x_wconf 84' lang='lat' dir='ltr'>se</span> <span class='ocrx_word' id='word_1_32' title='bbox 1467 406 1528 469; x_wconf 85' lang='lat' dir='ltr'>alto</span> <span class='ocrx_word' id='word_1_33' title='bbox 1551 425 1680 472; x_wconf 77' lang='lat' dir='ltr'>conver·</span> 
     </span>
     <span class='ocr_line' id='line_1_4' title="bbox 15 487 1681 602; baseline -0.025 -10"><span class='ocrx_word' id='word_1_34' title='bbox 15 535 17 602; x_wconf 81' lang='lat' dir='ltr'>l</span> <span class='ocrx_word' id='word_1_35' title='bbox 116 523 309 589; x_wconf 73' lang='lat' dir='ltr'>violarentur</span> <span class='ocrx_word' id='word_1_36' title='bbox 332 513 481 590; x_wconf 87' lang='lat' dir='ltr'>disparata</span> <span class='ocrx_word' id='word_1_37' title='bbox 507 529 542 575; x_wconf 88' lang='lat' dir='ltr'>ac</span> <span class='ocrx_word' id='word_1_38' title='bbox 570 505 746 586; x_wconf 70' lang='lat' dir='ltr'>separabilia</span> <span class='ocrx_word' id='word_1_39' title='bbox 767 520 877 582; x_wconf 73' lang='lat' dir='ltr'>prece·</span> <span class='ocrx_word' id='word_1_40' title='bbox 911 512 983 575; x_wconf 87' lang='lat' dir='ltr'>tar;</span> <span class='ocrx_word' id='word_1_41' title='bbox 1005 494 1054 558; x_wconf 84' lang='lat' dir='ltr'>vel</span> <span class='ocrx_word' id='word_1_42' title='bbox 1087 510 1139 570; x_wconf 88' lang='lat' dir='ltr'>per</span> <span class='ocrx_word' id='word_1_43' title='bbox 1157 490 1354 554; x_wconf 68' lang='lat' dir='ltr'>cessationem</span> <span class='ocrx_word' id='word_1_44' title='bbox 1379 490 1474 552; x_wconf 88' lang='lat' dir='ltr'>etiam</span> <span class='ocrx_word' id='word_1_45' title='bbox 1502 487 1681 551; x_wconf 76' lang='lat' dir='ltr'>involunta·</span> 
     </span>
     <span class='ocr_line' id='line_1_5' title="bbox 114 565 1681 682; baseline -0.03 -14"><span class='ocrx_word' id='word_1_46' title='bbox 114 617 192 682; x_wconf 86' lang='lat' dir='ltr'>pta,</span> <span class='ocrx_word' id='word_1_47' title='bbox 210 619 247 664; x_wconf 87' lang='lat' dir='ltr'>ac</span> <span class='ocrx_word' id='word_1_48' title='bbox 270 595 394 676; x_wconf 80' lang='lat' dir='ltr'>proinde</span> <span class='ocrx_word' id='word_1_49' title='bbox 413 593 481 657; x_wconf 71' lang='lat' dir='ltr'>due</span> <span class='ocrx_word' id='word_1_50' title='bbox 509 589 708 666; x_wconf 79' lang='lat' dir='ltr'>obligationes</span> <span class='ocrx_word' id='word_1_51' title='bbox 733 583 771 650; x_wconf 90' lang='lat' dir='ltr'>ab</span> <span class='ocrx_word' id='word_1_52' title='bbox 792 586 877 647; x_wconf 62' lang='lat' dir='ltr'>inti*</span> <span class='ocrx_word' id='word_1_53' title='bbox 913 580 1011 652; x_wconf 89' lang='lat' dir='ltr'>riam,</span> <span class='ocrx_word' id='word_1_54' title='bbox 1031 572 1065 640; x_wconf 83' lang='lat'>&amp;</span> <span class='ocrx_word' id='word_1_55' title='bbox 1085 569 1286 644; x_wconf 90' lang='lat' dir='ltr'>naturalem,</span> <span class='ocrx_word' id='word_1_56' title='bbox 1306 585 1414 646; x_wconf 87' lang='lat' dir='ltr'>nempe</span> <span class='ocrx_word' id='word_1_57' title='bbox 1442 565 1561 642; x_wconf 83' lang='lat' dir='ltr'>quando</span> <span class='ocrx_word' id='word_1_58' title='bbox 1590 565 1681 630; x_wconf 66' lang='lat' dir='ltr'>invoa</span> 
     </span>
     <span class='ocr_line' id='line_1_6' title="bbox 15 639 1683 752; baseline -0.027 0"><span class='ocrx_word' id='word_1_59' title='bbox 15 701 17 716; x_wconf 79' lang='grc'><em>’</em></span> <span class='ocrx_word' id='word_1_60' title='bbox 113 697 183 748; x_wconf 80' lang='lat' dir='ltr'>tem</span> <span class='ocrx_word' id='word_1_61' title='bbox 204 671 366 744; x_wconf 70' lang='lat' dir='ltr'>diuinae.</span> <span class='ocrx_word' id='word_1_62' title='bbox 391 673 506 752; x_wconf 85' lang='lat' dir='ltr'>Verum</span> <span class='ocrx_word' id='word_1_63' title='bbox 529 667 722 733; x_wconf 77' lang='lat' dir='ltr'>communius</span> <span class='ocrx_word' id='word_1_64' title='bbox 748 683 784 730; x_wconf 87' lang='lat' dir='ltr'>ac</span> <span class='ocrx_word' id='word_1_65' title='bbox 810 678 878 740; x_wconf 71' lang='lat' dir='ltr'>prm</span> <span class='ocrx_word' id='word_1_66' title='bbox 914 658 1068 729; x_wconf 89' lang='lat' dir='ltr'>luntarie,</span> <span class='ocrx_word' id='word_1_67' title='bbox 1084 649 1122 716; x_wconf 68' lang='lat' dir='ltr'>m</span> <span class='ocrx_word' id='word_1_68' title='bbox 1138 647 1221 726; x_wconf 83' lang='lat' dir='ltr'>quast</span> <span class='ocrx_word' id='word_1_69' title='bbox 1232 644 1418 712; x_wconf 85' lang='lat' dir='ltr'>naturaliter</span> <span class='ocrx_word' id='word_1_70' title='bbox 1432 647 1528 712; x_wconf 77' lang='lat' dir='ltr'>celim</span> <span class='ocrx_word' id='word_1_71' title='bbox 1546 639 1683 723; x_wconf 67' lang='lat' dir='ltr'>abadia,</span> 
     </span>
     <span class='ocr_line' id='line_1_7' title="bbox 15 723 1682 826; baseline -0.025 3"><span class='ocrx_word' id='word_1_72' title='bbox 15 797 16 810; x_wconf 27' lang='grc' dir='ltr'><strong>κ</strong></span> <span class='ocrx_word' id='word_1_73' title='bbox 109 747 242 826; x_wconf 74' lang='lat' dir='ltr'>labilius</span> <span class='ocrx_word' id='word_1_74' title='bbox 268 752 461 820; x_wconf 82' lang='lat' dir='ltr'>contendunt</span> <span class='ocrx_word' id='word_1_75' title='bbox 478 749 529 816; x_wconf 82' lang='lat' dir='ltr'>alli</span> <span class='ocrx_word' id='word_1_76' title='bbox 549 795 559 825; x_wconf 90' lang='lat'>,</span> <span class='ocrx_word' id='word_1_77' title='bbox 580 745 661 824; x_wconf 86' lang='lat' dir='ltr'>quod</span> <span class='ocrx_word' id='word_1_78' title='bbox 687 748 878 810; x_wconf 79' lang='lat' dir='ltr'>unumtart·</span> <span class='ocrx_word' id='word_1_79' title='bbox 912 737 975 803; x_wconf 80' lang='lat' dir='ltr'>stre</span> <span class='ocrx_word' id='word_1_80' title='bbox 1006 753 1058 813; x_wconf 88' lang='lat' dir='ltr'>pet</span> <span class='ocrx_word' id='word_1_81' title='bbox 1085 729 1249 806; x_wconf 84' lang='lat' dir='ltr'>somnum,</span> <span class='ocrx_word' id='word_1_82' title='bbox 1291 725 1355 789; x_wconf 85' lang='lat' dir='ltr'>slve</span> <span class='ocrx_word' id='word_1_83' title='bbox 1381 743 1435 804; x_wconf 84' lang='lat' dir='ltr'>per</span> <span class='ocrx_word' id='word_1_84' title='bbox 1461 723 1682 790; x_wconf 73' lang='lat' dir='ltr'>diiudicatur</span> 
     </span>
     <span class='ocr_line' id='line_1_8' title="bbox 15 817 1620 918; baseline -0.032 -9"><span class='ocrx_word' id='word_1_85' title='bbox 15 827 16 846; x_wconf 51' lang='lat'>¹</span> <span class='ocrx_word' id='word_1_86' title='bbox 114 855 249 918; x_wconf 84' lang='lat' dir='ltr'>rumpet</span> <span class='ocrx_word' id='word_1_87' title='bbox 268 835 344 900; x_wconf 83' lang='lat' dir='ltr'>banc</span> <span class='ocrx_word' id='word_1_88' title='bbox 361 833 580 905; x_wconf 88' lang='lat' dir='ltr'>violationem,</span> <span class='ocrx_word' id='word_1_89' title='bbox 600 822 878 902; x_wconf 81' lang='lat' dir='ltr'>licetduplicisob·</span> <span class='ocrx_word' id='word_1_90' title='bbox 914 819 949 884; x_wconf 86' lang='lat' dir='ltr'>ad</span> <span class='ocrx_word' id='word_1_91' title='bbox 972 817 1054 880; x_wconf 79' lang='lat' dir='ltr'>alia,</span> <span class='ocrx_word' id='word_1_92' title='bbox 1223 889 1229 901; x_wconf 93' lang='lat'><em>.</em></span> <span class='ocrx_word' id='word_1_93' title='bbox 1455 883 1462 900; x_wconf 31' lang='grc' dir='ltr'><strong><em>ι</em></strong></span> <span class='ocrx_word' id='word_1_94' title='bbox 1617 851 1620 858; x_wconf 93' lang='grc'>.</span> 
     </span>
     <span class='ocr_line' id='line_1_9' title="bbox 114 871 1696 999; baseline -0.023 -17"><span class='ocrx_word' id='word_1_95' title='bbox 114 919 288 999; x_wconf 76' lang='lat' dir='ltr'>ligationis,</span> <span class='ocrx_word' id='word_1_96' title='bbox 303 912 377 977; x_wconf 84' lang='lat' dir='ltr'>aller</span> <span class='ocrx_word' id='word_1_97' title='bbox 394 926 572 990; x_wconf 78' lang='lat' dir='ltr'>peccaturut</span> <span class='ocrx_word' id='word_1_98' title='bbox 595 906 718 986; x_wconf 78' lang='lat' dir='ltr'>gravius</span> <span class='ocrx_word' id='word_1_99' title='bbox 739 903 881 981; x_wconf 86' lang='lat' dir='ltr'>quidem,</span> <span class='ocrx_word' id='word_1_100' title='bbox 952 895 1067 960; x_wconf 83' lang='lat' dir='ltr'>Verum</span> <span class='ocrx_word' id='word_1_101' title='bbox 1087 903 1124 956; x_wconf 90' lang='lat' dir='ltr'>ut</span> <span class='ocrx_word' id='word_1_102' title='bbox 1147 887 1269 967; x_wconf 75' lang='lat' dir='ltr'>piantur</span> <span class='ocrx_word' id='word_1_103' title='bbox 1291 881 1357 978; x_wconf 71' lang='lat' dir='ltr'>laec</span> <span class='ocrx_word' id='word_1_104' title='bbox 1380 871 1613 978; x_wconf 56' lang='lat' dir='ltr'>percipiam(</span> <span class='ocrx_word' id='word_1_105' title='bbox 1631 879 1696 954; x_wconf 85' lang='lat' dir='ltr'>acl·¹</span> 
     </span>
     <span class='ocr_line' id='line_1_10' title="bbox 116 961 1685 1067; baseline -0.024 -3"><span class='ocrx_word' id='word_1_106' title='bbox 116 1017 153 1067; x_wconf 84' lang='lat' dir='ltr'>at</span> <span class='ocrx_word' id='word_1_107' title='bbox 168 1002 201 1060; x_wconf 88' lang='lat' dir='ltr'>in</span> <span class='ocrx_word' id='word_1_108' title='bbox 221 991 414 1060; x_wconf 79' lang='lat' dir='ltr'>contempne</span> <span class='ocrx_word' id='word_1_109' title='bbox 430 986 625 1066; x_wconf 86' lang='lat' dir='ltr'>aperiendum</span> <span class='ocrx_word' id='word_1_110' title='bbox 642 989 732 1066; x_wconf 76' lang='lat' dir='ltr'>,quia</span> <span class='ocrx_word' id='word_1_111' title='bbox 753 983 881 1049; x_wconf 85' lang='lat' dir='ltr'>licetel·</span> <span class='ocrx_word' id='word_1_112' title='bbox 915 975 1097 1042; x_wconf 75' lang='lat' dir='ltr'>terrendum</span> <span class='ocrx_word' id='word_1_113' title='bbox 1117 985 1157 1034; x_wconf 84' lang='lat' dir='ltr'>er</span> <span class='ocrx_word' id='word_1_114' title='bbox 1179 982 1272 1033; x_wconf 85' lang='lat' dir='ltr'>antea</span> <span class='ocrx_word' id='word_1_115' title='bbox 1287 983 1352 1032; x_wconf 83' lang='lat' dir='ltr'>ram</span> <span class='ocrx_word' id='word_1_116' title='bbox 1372 961 1481 1040; x_wconf 74' lang='lat' dir='ltr'>distre,</span> <span class='ocrx_word' id='word_1_117' title='bbox 1503 979 1623 1028; x_wconf 80' lang='lat' dir='ltr'>necnon</span> <span class='ocrx_word' id='word_1_118' title='bbox 1643 979 1685 1026; x_wconf 85' lang='lat' dir='ltr'>ex</span> 
     </span>
     <span class='ocr_line' id='line_1_11' title="bbox 119 1045 1684 1150; baseline -0.024 -9"><span class='ocrx_word' id='word_1_119' title='bbox 119 1080 166 1142; x_wconf 88' lang='lat' dir='ltr'>let</span> <span class='ocrx_word' id='word_1_120' title='bbox 188 1074 319 1140; x_wconf 86' lang='lat' dir='ltr'>violatio</span> <span class='ocrx_word' id='word_1_121' title='bbox 339 1086 578 1150; x_wconf 83' lang='lat' dir='ltr'>praeceptorum,</span> <span class='ocrx_word' id='word_1_122' title='bbox 596 1065 630 1131; x_wconf 82' lang='lat' dir='ltr'>dt</span> <span class='ocrx_word' id='word_1_123' title='bbox 655 1065 881 1144; x_wconf 70' lang='lat' dir='ltr'>obligationum</span> <span class='ocrx_word' id='word_1_124' title='bbox 915 1059 952 1120; x_wconf 90' lang='lat' dir='ltr'>D.</span> <span class='ocrx_word' id='word_1_125' title='bbox 972 1045 1259 1118; x_wconf 75' lang='lat' dir='ltr'>Thomaedotirina</span> <span class='ocrx_word' id='word_1_126' title='bbox 1296 1064 1322 1106; x_wconf 87' lang='lat' dir='ltr'>a.</span> <span class='ocrx_word' id='word_1_127' title='bbox 1341 1063 1369 1139; x_wconf 74' lang='lat'>‚²¹</span> <span class='ocrx_word' id='word_1_128' title='bbox 1392 1065 1419 1122; x_wconf 88' lang='lat' dir='ltr'>q.</span> <span class='ocrx_word' id='word_1_129' title='bbox 1444 1061 1494 1138; x_wconf 81' lang='lat'>7²·</span> <span class='ocrx_word' id='word_1_130' title='bbox 1524 1059 1684 1119; x_wconf 80' lang='lat' dir='ltr'>peccatura</span> 
     </span>
     <span class='ocr_line' id='line_1_12' title="bbox 116 1117 1683 1232; baseline -0.024 -10"><span class='ocrx_word' id='word_1_131' title='bbox 116 1155 356 1232; x_wconf 80' lang='lat' dir='ltr'>disparatamm,</span> <span class='ocrx_word' id='word_1_132' title='bbox 381 1147 504 1214; x_wconf 75' lang='lat' dir='ltr'>nonnisi</span> <span class='ocrx_word' id='word_1_133' title='bbox 529 1165 625 1210; x_wconf 87' lang='lat' dir='ltr'>unum</span> <span class='ocrx_word' id='word_1_134' title='bbox 644 1161 749 1210; x_wconf 87' lang='lat' dir='ltr'>tamen</span> <span class='ocrx_word' id='word_1_135' title='bbox 776 1161 882 1216; x_wconf 79' lang='lat' dir='ltr'>eorirm</span> <span class='ocrx_word' id='word_1_136' title='bbox 915 1136 1010 1201; x_wconf 86' lang='lat' dir='ltr'>dividi</span> <span class='ocrx_word' id='word_1_137' title='bbox 1035 1135 1066 1195; x_wconf 92' lang='lat' dir='ltr'>in</span> <span class='ocrx_word' id='word_1_138' title='bbox 1087 1145 1245 1209; x_wconf 85' lang='lat' dir='ltr'>peccatum</span> <span class='ocrx_word' id='word_1_139' title='bbox 1264 1125 1383 1202; x_wconf 82' lang='lat' dir='ltr'>cordat,</span> <span class='ocrx_word' id='word_1_140' title='bbox 1403 1140 1487 1201; x_wconf 84' lang='lat' dir='ltr'>otu,</span> <span class='ocrx_word' id='word_1_141' title='bbox 1504 1117 1540 1188; x_wconf 74' lang='lat' dir='ltr'>lt</span> <span class='ocrx_word' id='word_1_142' title='bbox 1557 1122 1683 1199; x_wconf 80' lang='lat' dir='ltr'>operis.</span> 
     </span>
     <span class='ocr_line' id='line_1_13' title="bbox 119 1199 1685 1306; baseline -0.023 -4"><span class='ocrx_word' id='word_1_143' title='bbox 119 1235 197 1302; x_wconf 83' lang='lat' dir='ltr'>ellat</span> <span class='ocrx_word' id='word_1_144' title='bbox 212 1229 380 1306; x_wconf 81' lang='lat' dir='ltr'>obieliam,</span> <span class='ocrx_word' id='word_1_145' title='bbox 396 1247 458 1292; x_wconf 81' lang='lat' dir='ltr'>tana</span> <span class='ocrx_word' id='word_1_146' title='bbox 475 1229 555 1291; x_wconf 87' lang='lat' dir='ltr'>ratio</span> <span class='ocrx_word' id='word_1_147' title='bbox 568 1223 721 1302; x_wconf 70' lang='lat' dir='ltr'>formalia,</span> <span class='ocrx_word' id='word_1_148' title='bbox 746 1241 824 1287; x_wconf 83' lang='lat' dir='ltr'>unua</span> <span class='ocrx_word' id='word_1_149' title='bbox 838 1220 883 1284; x_wconf 60' lang='grc' dir='ltr'>ᾗ·</span> <span class='ocrx_word' id='word_1_150' title='bbox 907 1218 1042 1283; x_wconf 54' lang='lat' dir='ltr'>‘Peccata</span> <span class='ocrx_word' id='word_1_151' title='bbox 1058 1210 1156 1274; x_wconf 82' lang='lat' dir='ltr'>cordia</span> <span class='ocrx_word' id='word_1_152' title='bbox 1175 1206 1316 1272; x_wconf 88' lang='lat' dir='ltr'>dicuntur</span> <span class='ocrx_word' id='word_1_153' title='bbox 1330 1221 1390 1282; x_wconf 82' lang='lat' dir='ltr'>aa,</span> <span class='ocrx_word' id='word_1_154' title='bbox 1406 1218 1549 1282; x_wconf 74' lang='lat' dir='ltr'>quianon</span> <span class='ocrx_word' id='word_1_155' title='bbox 1570 1199 1685 1267; x_wconf 84' lang='lat' dir='ltr'>babent</span> 
     </span>
     <span class='ocr_line' id='line_1_14' title="bbox 117 1281 1684 1380; baseline -0.024 0"><span class='ocrx_word' id='word_1_156' title='bbox 117 1319 192 1380; x_wconf 83' lang='lat' dir='ltr'>nis.</span> <span class='ocrx_word' id='word_1_157' title='bbox 215 1317 346 1378; x_wconf 81' lang='lat' dir='ltr'>Peccata</span> <span class='ocrx_word' id='word_1_158' title='bbox 369 1312 450 1372; x_wconf 86' lang='lat' dir='ltr'>enini</span> <span class='ocrx_word' id='word_1_159' title='bbox 476 1315 537 1370; x_wconf 88' lang='lat' dir='ltr'>noo</span> <span class='ocrx_word' id='word_1_160' title='bbox 557 1305 804 1379; x_wconf 67' lang='lat' dir='ltr'>multiplicantur</span> <span class='ocrx_word' id='word_1_161' title='bbox 828 1321 883 1365; x_wconf 89' lang='lat' dir='ltr'>nu·</span> <span class='ocrx_word' id='word_1_162' title='bbox 918 1315 973 1372; x_wconf 90' lang='lat' dir='ltr'>pro</span> <span class='ocrx_word' id='word_1_163' title='bbox 987 1289 1106 1358; x_wconf 76' lang='lat' dir='ltr'>obieilo</span> <span class='ocrx_word' id='word_1_164' title='bbox 1129 1306 1205 1364; x_wconf 89' lang='lat' dir='ltr'>oput</span> <span class='ocrx_word' id='word_1_165' title='bbox 1223 1285 1345 1362; x_wconf 82' lang='lat' dir='ltr'>aliquod</span> <span class='ocrx_word' id='word_1_166' title='bbox 1365 1299 1551 1358; x_wconf 82' lang='lat' dir='ltr'>externum,</span> <span class='ocrx_word' id='word_1_167' title='bbox 1573 1281 1623 1345; x_wconf 87' lang='lat' dir='ltr'>led</span> <span class='ocrx_word' id='word_1_168' title='bbox 1653 1282 1684 1344; x_wconf 84' lang='lat' dir='ltr'>iri</span> 
     </span>
     <span class='ocr_line' id='line_1_15' title="bbox 117 1358 1684 1473; baseline -0.023 -13"><span class='ocrx_word' id='word_1_169' title='bbox 117 1411 225 1473; x_wconf 88' lang='lat' dir='ltr'>meto,</span> <span class='ocrx_word' id='word_1_170' title='bbox 240 1391 290 1455; x_wconf 89' lang='lat' dir='ltr'>seu</span> <span class='ocrx_word' id='word_1_171' title='bbox 306 1407 368 1454; x_wconf 90' lang='lat' dir='ltr'>non</span> <span class='ocrx_word' id='word_1_172' title='bbox 387 1380 792 1465; x_wconf 71' lang='lat' dir='ltr'>distinguunturexdiverlra</span> <span class='ocrx_word' id='word_1_173' title='bbox 809 1398 883 1462; x_wconf 71' lang='lat' dir='ltr'>pre·</span> <span class='ocrx_word' id='word_1_174' title='bbox 918 1373 981 1453; x_wconf 89' lang='lat' dir='ltr'>ipso</span> <span class='ocrx_word' id='word_1_175' title='bbox 1005 1369 1098 1436; x_wconf 83' lang='lat' dir='ltr'>corde</span> <span class='ocrx_word' id='word_1_176' title='bbox 1111 1363 1464 1440; x_wconf 83' lang='lat' dir='ltr'>oruninocomplenrur,</span> <span class='ocrx_word' id='word_1_177' title='bbox 1484 1361 1521 1428; x_wconf 80' lang='lat' dir='ltr'>dc</span> <span class='ocrx_word' id='word_1_178' title='bbox 1540 1358 1684 1426; x_wconf 85' lang='lat' dir='ltr'>consum·</span> 
     </span>
     <span class='ocr_line' id='line_1_16' title="bbox 118 1440 1747 1552; baseline -0.025 -12"><span class='ocrx_word' id='word_1_179' title='bbox 118 1473 182 1540; x_wconf 85' lang='lat' dir='ltr'>tile</span> <span class='ocrx_word' id='word_1_180' title='bbox 211 1471 369 1552; x_wconf 78' lang='lat' dir='ltr'>proeteptiu</span> <span class='ocrx_word' id='word_1_181' title='bbox 423 1462 704 1542; x_wconf 75' lang='lat' dir='ltr'>liaetdisparatir,</span> <span class='ocrx_word' id='word_1_182' title='bbox 728 1462 781 1527; x_wconf 85' lang='lat' dir='ltr'>nisa</span> <span class='ocrx_word' id='word_1_183' title='bbox 808 1462 884 1526; x_wconf 90' lang='lat' dir='ltr'>talia</span> <span class='ocrx_word' id='word_1_184' title='bbox 918 1468 1060 1524; x_wconf 84' lang='lat' dir='ltr'>mantur,</span> <span class='ocrx_word' id='word_1_185' title='bbox 1079 1465 1114 1514; x_wconf 92' lang='lat' dir='ltr'>ut</span> <span class='ocrx_word' id='word_1_186' title='bbox 1135 1462 1294 1525; x_wconf 79' lang='lat' dir='ltr'>peccmum</span> <span class='ocrx_word' id='word_1_187' title='bbox 1314 1443 1375 1507; x_wconf 85' lang='lat' dir='ltr'>odii</span> <span class='ocrx_word' id='word_1_188' title='bbox 1393 1442 1471 1521; x_wconf 87' lang='lat' dir='ltr'>Dei,</span> <span class='ocrx_word' id='word_1_189' title='bbox 1491 1440 1685 1520; x_wconf 57' lang='lat' dir='ltr'>mroximi,</span> <span class='ocrx_word' id='word_1_190' title='bbox 1743 1467 1747 1479; x_wconf 83' lang='lat'><strong>·</strong></span> 
     </span>
     <span class='ocr_line' id='line_1_17' title="bbox 118 1513 1687 1631; baseline -0.022 -12"><span class='ocrx_word' id='word_1_191' title='bbox 118 1567 277 1631; x_wconf 76' lang='lat' dir='ltr'>praecepta</span> <span class='ocrx_word' id='word_1_192' title='bbox 297 1513 479 1626; x_wconf 74' lang='lat' dir='ltr'>prohibeant</span> <span class='ocrx_word' id='word_1_193' title='bbox 503 1541 758 1609; x_wconf 76' lang='lat' dir='ltr'>atramentaria</span> <span class='ocrx_word' id='word_1_194' title='bbox 778 1561 884 1606; x_wconf 85' lang='lat' dir='ltr'>nume·</span> <span class='ocrx_word' id='word_1_195' title='bbox 919 1529 1055 1610; x_wconf 74' lang='lat' dir='ltr'>nereis,</span> <span class='ocrx_word' id='word_1_196' title='bbox 1076 1532 1148 1604; x_wconf 71' lang='lat' dir='ltr'>ire,</span> <span class='ocrx_word' id='word_1_197' title='bbox 1170 1527 1312 1602; x_wconf 79' lang='lat' dir='ltr'>invidiae,</span> <span class='ocrx_word' id='word_1_198' title='bbox 1332 1524 1497 1618; x_wconf 75' lang='lat' dir='ltr'>avaritiae,</span> <span class='ocrx_word' id='word_1_199' title='bbox 1517 1518 1621 1593; x_wconf 68' lang='lat' dir='ltr'>iudicii</span> <span class='ocrx_word' id='word_1_200' title='bbox 1640 1537 1687 1584; x_wconf 82' lang='lat' dir='ltr'>te·</span> 
     </span>
     <span class='ocr_line' id='line_1_18' title="bbox 121 1596 1686 1704; baseline -0.022 -7"><span class='ocrx_word' id='word_1_201' title='bbox 121 1653 160 1697; x_wconf 92' lang='lat' dir='ltr'>ro</span> <span class='ocrx_word' id='word_1_202' title='bbox 177 1627 330 1704; x_wconf 78' lang='lat' dir='ltr'>dillindia,</span> <span class='ocrx_word' id='word_1_203' title='bbox 350 1625 404 1691; x_wconf 88' lang='lat' dir='ltr'>vel</span> <span class='ocrx_word' id='word_1_204' title='bbox 428 1624 551 1703; x_wconf 88' lang='lat' dir='ltr'>quando</span> <span class='ocrx_word' id='word_1_205' title='bbox 591 1621 729 1688; x_wconf 84' lang='lat' dir='ltr'>cohibent</span> <span class='ocrx_word' id='word_1_206' title='bbox 759 1623 884 1686; x_wconf 84' lang='lat' dir='ltr'>eandem</span> <span class='ocrx_word' id='word_1_207' title='bbox 919 1613 1041 1680; x_wconf 91' lang='lat' dir='ltr'>merarii</span> <span class='ocrx_word' id='word_1_208' title='bbox 1063 1607 1123 1676; x_wconf 79' lang='lat' dir='ltr'>dte.</span> <span class='ocrx_word' id='word_1_209' title='bbox 1145 1609 1273 1672; x_wconf 79' lang='lat' dir='ltr'>Peccata</span> <span class='ocrx_word' id='word_1_210' title='bbox 1292 1623 1354 1668; x_wconf 84' lang='lat' dir='ltr'>orat</span> <span class='ocrx_word' id='word_1_211' title='bbox 1374 1619 1411 1666; x_wconf 85' lang='lat' dir='ltr'>aa</span> <span class='ocrx_word' id='word_1_212' title='bbox 1431 1596 1602 1677; x_wconf 68' lang='lat' dir='ltr'>dicuntur,</span> <span class='ocrx_word' id='word_1_213' title='bbox 1616 1613 1686 1676; x_wconf 70' lang='lat' dir='ltr'>quo</span> 
     </span>
     <span class='ocr_line' id='line_1_19' title="bbox 125 1643 1685 1782; baseline -0.022 -8"><span class='ocrx_word' id='word_1_214' title='bbox 125 1730 191 1774; x_wconf 86' lang='lat' dir='ltr'>rem</span> <span class='ocrx_word' id='word_1_215' title='bbox 208 1707 260 1772; x_wconf 87' lang='lat' dir='ltr'>sub</span> <span class='ocrx_word' id='word_1_216' title='bbox 277 1705 394 1772; x_wconf 89' lang='lat' dir='ltr'>diversa</span> <span class='ocrx_word' id='word_1_217' title='bbox 415 1708 535 1768; x_wconf 88' lang='lat' dir='ltr'>rarione</span> <span class='ocrx_word' id='word_1_218' title='bbox 559 1643 678 1766; x_wconf 42' lang='lat' dir='ltr'>formali</span> <span class='ocrx_word' id='word_1_219' title='bbox 701 1722 828 1768; x_wconf 89' lang='lat' dir='ltr'>numero</span> <span class='ocrx_word' id='word_1_220' title='bbox 843 1699 886 1764; x_wconf 90' lang='lat' dir='ltr'>di·</span> <span class='ocrx_word' id='word_1_221' title='bbox 921 1700 951 1758; x_wconf 87' lang='lat' dir='ltr'>in</span> <span class='ocrx_word' id='word_1_222' title='bbox 977 1708 1030 1756; x_wconf 86' lang='lat' dir='ltr'>ore</span> <span class='ocrx_word' id='word_1_223' title='bbox 1059 1684 1178 1782; x_wconf 65' lang='lat' dir='ltr'>prorsus</span> <span class='ocrx_word' id='word_1_224' title='bbox 1204 1683 1453 1778; x_wconf 73' lang='lat' dir='ltr'>consummantur</span> <span class='ocrx_word' id='word_1_225' title='bbox 1482 1729 1492 1758; x_wconf 93' lang='lat'><strong>‚</strong></span> <span class='ocrx_word' id='word_1_226' title='bbox 1517 1677 1685 1774; x_wconf 75' lang='lat' dir='ltr'>cuiusmodi</span> 
     </span>
     <span class='ocr_line' id='line_1_20' title="bbox 120 1753 1687 1861; baseline -0.021 -8"><span class='ocrx_word' id='word_1_227' title='bbox 120 1787 244 1853; x_wconf 70' lang='lat' dir='ltr'>stintla.</span> <span class='ocrx_word' id='word_1_228' title='bbox 267 1784 444 1861; x_wconf 78' lang='lat' dir='ltr'>Exemplum</span> <span class='ocrx_word' id='word_1_229' title='bbox 462 1784 578 1858; x_wconf 67' lang='lat' dir='ltr'>prioris:</span> <span class='ocrx_word' id='word_1_230' title='bbox 587 1779 653 1858; x_wconf 84' lang='lat' dir='ltr'>est,</span> <span class='ocrx_word' id='word_1_231' title='bbox 671 1784 793 1858; x_wconf 86' lang='lat' dir='ltr'>quando</span> <span class='ocrx_word' id='word_1_232' title='bbox 821 1782 886 1858; x_wconf 85' lang='lat' dir='ltr'>quit</span> <span class='ocrx_word' id='word_1_233' title='bbox 921 1767 1182 1844; x_wconf 65' lang='lat' dir='ltr'>summoturum,</span> <span class='ocrx_word' id='word_1_234' title='bbox 1200 1768 1364 1841; x_wconf 80' lang='lat' dir='ltr'>periurium</span> <span class='ocrx_word' id='word_1_235' title='bbox 1381 1810 1389 1839; x_wconf 93' lang='lat'>,</span> <span class='ocrx_word' id='word_1_236' title='bbox 1404 1757 1613 1836; x_wconf 77' lang='lat' dir='ltr'>blasphema,</span> <span class='ocrx_word' id='word_1_237' title='bbox 1630 1753 1687 1822; x_wconf 63' lang='lat' dir='ltr'>fal«</span> 
     </span>
     <span class='ocr_line' id='line_1_21' title="bbox 123 1837 1694 1941; baseline -0.022 -9"><span class='ocrx_word' id='word_1_238' title='bbox 123 1870 220 1932; x_wconf 90' lang='lat' dir='ltr'>unico</span> <span class='ocrx_word' id='word_1_239' title='bbox 235 1862 292 1941; x_wconf 81' lang='lat' dir='ltr'>itia</span> <span class='ocrx_word' id='word_1_240' title='bbox 307 1865 405 1941; x_wconf 85' lang='lat' dir='ltr'>plures</span> <span class='ocrx_word' id='word_1_241' title='bbox 428 1863 542 1926; x_wconf 87' lang='lat' dir='ltr'>occidit</span> <span class='ocrx_word' id='word_1_242' title='bbox 571 1861 732 1940; x_wconf 86' lang='lat' dir='ltr'>homines,</span> <span class='ocrx_word' id='word_1_243' title='bbox 759 1881 886 1940; x_wconf 88' lang='lat' dir='ltr'>quorum</span> <span class='ocrx_word' id='word_1_244' title='bbox 922 1837 1694 1926; x_wconf 58' lang='lat' dir='ltr'>lareuimonn,aarramopec‚emoriantcmac-</span> 
     </span>
     <span class='ocr_line' id='line_1_22' title="bbox 118 1913 1785 2022; baseline -0.021 -9"><span class='ocrx_word' id='word_1_245' title='bbox 118 1943 235 2012; x_wconf 81' lang='lat' dir='ltr'>otcifio</span> <span class='ocrx_word' id='word_1_246' title='bbox 254 1946 358 2007; x_wconf 85' lang='lat' dir='ltr'>vetita</span> <span class='ocrx_word' id='word_1_247' title='bbox 375 1939 419 2005; x_wconf 86' lang='lat' dir='ltr'>est</span> <span class='ocrx_word' id='word_1_248' title='bbox 439 1944 471 2003; x_wconf 91' lang='lat' dir='ltr'>in</span> <span class='ocrx_word' id='word_1_249' title='bbox 496 1942 679 2022; x_wconf 82' lang='lat' dir='ltr'>particulari</span> <span class='ocrx_word' id='word_1_250' title='bbox 700 1987 709 2018; x_wconf 97' lang='lat'>,</span> <span class='ocrx_word' id='word_1_251' title='bbox 737 1958 886 2018; x_wconf 81' lang='lat' dir='ltr'>quatenus</span> <span class='ocrx_word' id='word_1_252' title='bbox 922 1947 990 2000; x_wconf 86' lang='lat' dir='ltr'>cata</span> <span class='ocrx_word' id='word_1_253' title='bbox 1021 1928 1146 1992; x_wconf 81' lang='lat' dir='ltr'>tandem</span> <span class='ocrx_word' id='word_1_254' title='bbox 1175 1926 1275 2002; x_wconf 84' lang='lat' dir='ltr'>operit</span> <span class='ocrx_word' id='word_1_255' title='bbox 1302 1922 1355 1987; x_wconf 87' lang='lat' dir='ltr'>illa</span> <span class='ocrx_word' id='word_1_256' title='bbox 1374 1919 1465 1998; x_wconf 91' lang='lat' dir='ltr'>sunt,</span> <span class='ocrx_word' id='word_1_257' title='bbox 1484 1937 1554 1998; x_wconf 75' lang='lat' dir='ltr'>qtae-</span> <span class='ocrx_word' id='word_1_258' title='bbox 1573 1921 1604 1980; x_wconf 91' lang='lat' dir='ltr'>in</span> <span class='ocrx_word' id='word_1_259' title='bbox 1625 1913 1689 2002; x_wconf 85' lang='lat' dir='ltr'>ipso</span> <span class='ocrx_word' id='word_1_260' title='bbox 1780 1991 1785 2000; x_wconf 20' lang='grc' dir='ltr'><strong>ο</strong></span> 
     </span>
     <span class='ocr_line' id='line_1_23' title="bbox 117 1993 1686 2104; baseline -0.018 -15"><span class='ocrx_word' id='word_1_261' title='bbox 117 2024 270 2102; x_wconf 82' lang='lat' dir='ltr'>quaelibet</span> <span class='ocrx_word' id='word_1_262' title='bbox 287 2017 416 2104; x_wconf 83' lang='lat' dir='ltr'>persona</span> <span class='ocrx_word' id='word_1_263' title='bbox 433 2019 649 2086; x_wconf 52' lang='lat' dir='ltr'>mmcrtcaaab</span> <span class='ocrx_word' id='word_1_264' title='bbox 667 2017 727 2084; x_wconf 88' lang='lat' dir='ltr'>alia</span> <span class='ocrx_word' id='word_1_265' title='bbox 750 2017 887 2084; x_wconf 74' lang='lat' dir='ltr'>dillinna</span> <span class='ocrx_word' id='word_1_266' title='bbox 921 2029 1013 2092; x_wconf 87' lang='lat' dir='ltr'>opere</span> <span class='ocrx_word' id='word_1_267' title='bbox 1028 2021 1159 2072; x_wconf 78' lang='lat' dir='ltr'>auterno</span> <span class='ocrx_word' id='word_1_268' title='bbox 1174 2001 1397 2081; x_wconf 76' lang='lat' dir='ltr'>perficiuntur,</span> <span class='ocrx_word' id='word_1_269' title='bbox 1416 1999 1520 2077; x_wconf 83' lang='lat' dir='ltr'>qualia</span> <span class='ocrx_word' id='word_1_270' title='bbox 1535 1996 1617 2063; x_wconf 72' lang='lat' dir='ltr'>sum</span> <span class='ocrx_word' id='word_1_271' title='bbox 1628 1993 1686 2060; x_wconf 80' lang='lat' dir='ltr'>ho·</span> 
     </span>
     <span class='ocr_line' id='line_1_24' title="bbox 15 2076 1691 2179; baseline -0.019 -9"><span class='ocrx_word' id='word_1_272' title='bbox 15 2129 16 2138; x_wconf 53' lang='lat'>¹</span> <span class='ocrx_word' id='word_1_273' title='bbox 118 2101 188 2168; x_wconf 87' lang='lat' dir='ltr'>est.</span> <span class='ocrx_word' id='word_1_274' title='bbox 218 2099 400 2179; x_wconf 77' lang='lat' dir='ltr'>:Exemplum</span> <span class='ocrx_word' id='word_1_275' title='bbox 424 2097 544 2164; x_wconf 90' lang='lat' dir='ltr'>secundi</span> <span class='ocrx_word' id='word_1_276' title='bbox 570 2097 612 2164; x_wconf 87' lang='lat' dir='ltr'>cll</span> <span class='ocrx_word' id='word_1_277' title='bbox 640 2101 674 2162; x_wconf 89' lang='lat' dir='ltr'>ira</span> <span class='ocrx_word' id='word_1_278' title='bbox 704 2097 885 2164; x_wconf 86' lang='lat' dir='ltr'>adulterio.</span> <span class='ocrx_word' id='word_1_279' title='bbox 922 2091 1095 2164; x_wconf 88' lang='lat' dir='ltr'>micidium,</span> <span class='ocrx_word' id='word_1_280' title='bbox 1113 2085 1321 2158; x_wconf 79' lang='lat' dir='ltr'>adulterium,</span> <span class='ocrx_word' id='word_1_281' title='bbox 1340 2081 1533 2156; x_wconf 80' lang='lat' dir='ltr'>idololatria,</span> <span class='ocrx_word' id='word_1_282' title='bbox 1559 2076 1691 2142; x_wconf 86' lang='lat' dir='ltr'>fornica·</span> 
     </span>
     <span class='ocr_line' id='line_1_25' title="bbox 116 2166 1689 2259; baseline -0.017 -13"><span class='ocrx_word' id='word_1_283' title='bbox 116 2185 186 2259; x_wconf 89' lang='lat' dir='ltr'>Qui</span> <span class='ocrx_word' id='word_1_284' title='bbox 206 2183 368 2245; x_wconf 84' lang='lat' dir='ltr'>enimrem</span> <span class='ocrx_word' id='word_1_285' title='bbox 388 2175 477 2243; x_wconf 72' lang='lat' dir='ltr'>nabe</span> <span class='ocrx_word' id='word_1_286' title='bbox 493 2196 564 2241; x_wconf 89' lang='lat' dir='ltr'>cum</span> <span class='ocrx_word' id='word_1_287' title='bbox 586 2177 752 2256; x_wconf 80' lang='lat' dir='ltr'>adultera,</span> <span class='ocrx_word' id='word_1_288' title='bbox 778 2193 889 2255; x_wconf 85' lang='lat' dir='ltr'>praeter</span> <span class='ocrx_word' id='word_1_289' title='bbox 924 2176 989 2248; x_wconf 90' lang='lat' dir='ltr'>rio,</span> <span class='ocrx_word' id='word_1_290' title='bbox 1007 2166 1146 2248; x_wconf 82' lang='lat' dir='ltr'>furtum,</span> <span class='ocrx_word' id='word_1_291' title='bbox 1164 2166 1287 2239; x_wconf 88' lang='lat' dir='ltr'>aliave,</span> <span class='ocrx_word' id='word_1_292' title='bbox 1315 2177 1383 2239; x_wconf 77' lang='lat' dir='ltr'>quar</span> <span class='ocrx_word' id='word_1_293' title='bbox 1403 2175 1535 2225; x_wconf 72' lang='lat' dir='ltr'>externe</span> <span class='ocrx_word' id='word_1_294' title='bbox 1582 2170 1689 2233; x_wconf 83' lang='lat' dir='ltr'>nempe</span> 
     </span>
     <span class='ocr_line' id='line_1_26' title="bbox 117 2206 1690 2340; baseline -0.018 -15"><span class='ocrx_word' id='word_1_295' title='bbox 117 2275 283 2340; x_wconf 83' lang='lat' dir='ltr'>peccatum</span> <span class='ocrx_word' id='word_1_296' title='bbox 307 2257 444 2335; x_wconf 79' lang='lat' dir='ltr'>simplicit</span> <span class='ocrx_word' id='word_1_297' title='bbox 470 2253 683 2322; x_wconf 80' lang='lat' dir='ltr'>fornicationis</span> <span class='ocrx_word' id='word_1_298' title='bbox 720 2259 889 2322; x_wconf 84' lang='lat' dir='ltr'>committit</span> <span class='ocrx_word' id='word_1_299' title='bbox 925 2268 977 2332; x_wconf 89' lang='lat' dir='ltr'>per</span> <span class='ocrx_word' id='word_1_300' title='bbox 996 2250 1132 2325; x_wconf 79' lang='lat' dir='ltr'>corporis</span> <span class='ocrx_word' id='word_1_301' title='bbox 1149 2242 1460 2310; x_wconf 81' lang='lat' dir='ltr'>facultateaoxretiua</span> <span class='ocrx_word' id='word_1_302' title='bbox 1475 2206 1690 2303; x_wconf 61' lang='lat' dir='ltr'>consumman-</span> 
     </span>
     <span class='ocr_line' id='line_1_27' title="bbox 119 2317 1692 2417; baseline -0.018 -11"><span class='ocrx_word' id='word_1_303' title='bbox 119 2340 211 2406; x_wconf 87' lang='lat' dir='ltr'>aliud</span> <span class='ocrx_word' id='word_1_304' title='bbox 241 2354 402 2417; x_wconf 86' lang='lat' dir='ltr'>peccaturo</span> <span class='ocrx_word' id='word_1_305' title='bbox 425 2355 554 2402; x_wconf 86' lang='lat' dir='ltr'>numero</span> <span class='ocrx_word' id='word_1_306' title='bbox 583 2335 754 2402; x_wconf 75' lang='lat' dir='ltr'>diliindiunr</span> <span class='ocrx_word' id='word_1_307' title='bbox 778 2353 889 2402; x_wconf 87' lang='lat' dir='ltr'>contra</span> <span class='ocrx_word' id='word_1_308' title='bbox 926 2350 994 2398; x_wconf 87' lang='lat' dir='ltr'>tur.</span> <span class='ocrx_word' id='word_1_309' title='bbox 1017 2327 1094 2392; x_wconf 82' lang='lat' dir='ltr'>llaec</span> <span class='ocrx_word' id='word_1_310' title='bbox 1116 2339 1221 2392; x_wconf 84' lang='lat' dir='ltr'>aurem</span> <span class='ocrx_word' id='word_1_311' title='bbox 1239 2323 1343 2388; x_wconf 89' lang='lat' dir='ltr'>omnia</span> <span class='ocrx_word' id='word_1_312' title='bbox 1372 2336 1520 2399; x_wconf 84' lang='lat' dir='ltr'>peccata,</span> <span class='ocrx_word' id='word_1_313' title='bbox 1540 2317 1603 2382; x_wconf 80' lang='lat' dir='ltr'>sive</span> <span class='ocrx_word' id='word_1_314' title='bbox 1622 2335 1692 2380; x_wconf 89' lang='lat' dir='ltr'>cor·</span> 
     </span>
     <span class='ocr_line' id='line_1_28' title="bbox 116 2395 1689 2494; baseline -0.02 -6"><span class='ocrx_word' id='word_1_315' title='bbox 116 2417 275 2488; x_wconf 79' lang='lat' dir='ltr'>iustitiam</span> <span class='ocrx_word' id='word_1_316' title='bbox 295 2438 304 2479; x_wconf 81' lang='lat' dir='ltr'>t</span> <span class='ocrx_word' id='word_1_317' title='bbox 330 2419 401 2494; x_wconf 79' lang='lat' dir='ltr'>quia</span> <span class='ocrx_word' id='word_1_318' title='bbox 429 2419 573 2480; x_wconf 88' lang='lat' dir='ltr'>nimirum</span> <span class='ocrx_word' id='word_1_319' title='bbox 600 2417 679 2480; x_wconf 85' lang='lat' dir='ltr'>idem</span> <span class='ocrx_word' id='word_1_320' title='bbox 708 2415 891 2482; x_wconf 86' lang='lat' dir='ltr'>adulterium</span> <span class='ocrx_word' id='word_1_321' title='bbox 925 2412 991 2488; x_wconf 83' lang='lat' dir='ltr'>tiit,</span> <span class='ocrx_word' id='word_1_322' title='bbox 1010 2407 1073 2472; x_wconf 83' lang='lat' dir='ltr'>save</span> <span class='ocrx_word' id='word_1_323' title='bbox 1091 2411 1172 2482; x_wconf 87' lang='lat' dir='ltr'>otia,</span> <span class='ocrx_word' id='word_1_324' title='bbox 1191 2402 1256 2468; x_wconf 81' lang='lat' dir='ltr'>save</span> <span class='ocrx_word' id='word_1_325' title='bbox 1270 2402 1391 2479; x_wconf 84' lang='lat' dir='ltr'>operit,</span> <span class='ocrx_word' id='word_1_326' title='bbox 1411 2404 1473 2478; x_wconf 86' lang='lat' dir='ltr'>iarp</span> <span class='ocrx_word' id='word_1_327' title='bbox 1492 2395 1689 2475; x_wconf 79' lang='lat' dir='ltr'>supponimur</span> 
     </span>
     <span class='ocr_line' id='line_1_29' title="bbox 116 2475 1692 2564; baseline -0.018 0"><span class='ocrx_word' id='word_1_328' title='bbox 116 2503 261 2564; x_wconf 81' lang='lat' dir='ltr'>vetitum</span> <span class='ocrx_word' id='word_1_329' title='bbox 275 2493 318 2559; x_wconf 85' lang='lat' dir='ltr'>ast</span> <span class='ocrx_word' id='word_1_330' title='bbox 338 2494 392 2558; x_wconf 86' lang='lat' dir='ltr'>l&#39;ub</span> <span class='ocrx_word' id='word_1_331' title='bbox 410 2493 530 2558; x_wconf 85' lang='lat' dir='ltr'>diversa</span> <span class='ocrx_word' id='word_1_332' title='bbox 552 2499 674 2560; x_wconf 88' lang='lat' dir='ltr'>ratione</span> <span class='ocrx_word' id='word_1_333' title='bbox 695 2495 818 2561; x_wconf 78' lang='lat' dir='ltr'>formali</span> <span class='ocrx_word' id='word_1_334' title='bbox 836 2487 892 2562; x_wconf 81' lang='lat' dir='ltr'>nri·</span> <span class='ocrx_word' id='word_1_335' title='bbox 926 2487 1104 2563; x_wconf 81' lang='lat' dir='ltr'>interrumpi</span> <span class='ocrx_word' id='word_1_336' title='bbox 1129 2485 1210 2564; x_wconf 81' lang='lat' dir='ltr'>polla</span> <span class='ocrx_word' id='word_1_337' title='bbox 1230 2501 1282 2561; x_wconf 90' lang='lat' dir='ltr'>per</span> <span class='ocrx_word' id='word_1_338' title='bbox 1301 2475 1398 2545; x_wconf 67' lang='lat' dir='ltr'>astum</span> <span class='ocrx_word' id='word_1_339' title='bbox 1423 2477 1594 2544; x_wconf 85' lang='lat' dir='ltr'>voluntatis</span> <span class='ocrx_word' id='word_1_340' title='bbox 1618 2493 1692 2538; x_wconf 83' lang='lat' dir='ltr'>corv-</span> 
     </span>
     <span class='ocr_line' id='line_1_30' title="bbox 115 2553 1692 2651; baseline -0.016 -8"><span class='ocrx_word' id='word_1_341' title='bbox 115 2595 210 2642; x_wconf 87' lang='lat' dir='ltr'>mero</span> <span class='ocrx_word' id='word_1_342' title='bbox 228 2571 386 2651; x_wconf 80' lang='lat' dir='ltr'>dillinlia,</span> <span class='ocrx_word' id='word_1_343' title='bbox 407 2591 514 2650; x_wconf 81' lang='lat' dir='ltr'>nempe</span> <span class='ocrx_word' id='word_1_344' title='bbox 532 2572 669 2651; x_wconf 81' lang='lat' dir='ltr'>proprcr&#39;</span> <span class='ocrx_word' id='word_1_345' title='bbox 687 2573 867 2642; x_wconf 84' lang='lat' dir='ltr'>iniustitiam</span> <span class='ocrx_word' id='word_1_346' title='bbox 885 2623 893 2649; x_wconf 97' lang='lat'>,</span> <span class='ocrx_word' id='word_1_347' title='bbox 927 2573 1079 2645; x_wconf 82' lang='lat' dir='ltr'>crarium,</span> <span class='ocrx_word' id='word_1_348' title='bbox 1099 2583 1160 2640; x_wconf 79' lang='lat' dir='ltr'>uuo</span> <span class='ocrx_word' id='word_1_349' title='bbox 1175 2565 1301 2640; x_wconf 85' lang='lat' dir='ltr'>primam</span> <span class='ocrx_word' id='word_1_350' title='bbox 1317 2562 1525 2624; x_wconf 70' lang='lat' dir='ltr'>intentionenr</span> <span class='ocrx_word' id='word_1_351' title='bbox 1544 2553 1692 2622; x_wconf 80' lang='lat' dir='ltr'>retraiia·</span> 
     </span>
     <span class='ocr_line' id='line_1_31' title="bbox 114 2625 1694 2735; baseline -0.016 -13"><span class='ocrx_word' id='word_1_352' title='bbox 114 2673 215 2735; x_wconf 77' lang='lat' dir='ltr'>uuam</span> <span class='ocrx_word' id='word_1_353' title='bbox 233 2650 328 2718; x_wconf 87' lang='lat' dir='ltr'>infert</span> <span class='ocrx_word' id='word_1_354' title='bbox 342 2655 454 2718; x_wconf 85' lang='lat' dir='ltr'>marito</span> <span class='ocrx_word' id='word_1_355' title='bbox 469 2651 596 2720; x_wconf 79' lang='lat' dir='ltr'>alterius</span> <span class='ocrx_word' id='word_1_356' title='bbox 609 2703 618 2732; x_wconf 96' lang='lat'>,</span> <span class='ocrx_word' id='word_1_357' title='bbox 633 2675 726 2734; x_wconf 86' lang='lat' dir='ltr'>quarn</span> <span class='ocrx_word' id='word_1_358' title='bbox 742 2655 894 2720; x_wconf 84' lang='lat' dir='ltr'>adulterio</span> <span class='ocrx_word' id='word_1_359' title='bbox 928 2667 1011 2728; x_wconf 79' lang='lat' dir='ltr'>murs,</span> <span class='ocrx_word' id='word_1_360' title='bbox 1033 2647 1083 2712; x_wconf 84' lang='lat' dir='ltr'>vel</span> <span class='ocrx_word' id='word_1_361' title='bbox 1105 2642 1299 2718; x_wconf 84' lang='lat' dir='ltr'>voluntarie,</span> <span class='ocrx_word' id='word_1_362' title='bbox 1320 2637 1356 2705; x_wconf 82' lang='lat' dir='ltr'>dt</span> <span class='ocrx_word' id='word_1_363' title='bbox 1373 2639 1465 2704; x_wconf 90' lang='lat' dir='ltr'>libere</span> <span class='ocrx_word' id='word_1_364' title='bbox 1481 2635 1520 2702; x_wconf 91' lang='lat' dir='ltr'>ab</span> <span class='ocrx_word' id='word_1_365' title='bbox 1539 2633 1609 2700; x_wconf 81' lang='lat' dir='ltr'>atta</span> <span class='ocrx_word' id='word_1_366' title='bbox 1629 2625 1694 2700; x_wconf 89' lang='lat' dir='ltr'>ces·</span> 
     </span>
     <span class='ocr_line' id='line_1_32' title="bbox 114 2716 1694 2816; baseline -0.015 -16"><span class='ocrx_word' id='word_1_367' title='bbox 114 2737 257 2816; x_wconf 87' lang='lat' dir='ltr'>polluit,</span> <span class='ocrx_word' id='word_1_368' title='bbox 275 2733 310 2799; x_wconf 83' lang='lat' dir='ltr'>dt</span> <span class='ocrx_word' id='word_1_369' title='bbox 325 2731 524 2810; x_wconf 89' lang='lat' dir='ltr'>iniullitlam,</span> <span class='ocrx_word' id='word_1_370' title='bbox 538 2747 627 2809; x_wconf 85' lang='lat' dir='ltr'>quam</span> <span class='ocrx_word' id='word_1_371' title='bbox 648 2731 744 2798; x_wconf 88' lang='lat' dir='ltr'>infert</span> <span class='ocrx_word' id='word_1_372' title='bbox 764 2736 899 2811; x_wconf 75' lang='lat' dir='ltr'>proptiae</span> <span class='ocrx_word' id='word_1_373' title='bbox 930 2731 1044 2796; x_wconf 82' lang='lat' dir='ltr'>lamus.</span> <span class='ocrx_word' id='word_1_374' title='bbox 1060 2723 1176 2790; x_wconf 86' lang='lat' dir='ltr'>idcirco</span> <span class='ocrx_word' id='word_1_375' title='bbox 1190 2719 1251 2786; x_wconf 83' lang='lat' dir='ltr'>sola</span> <span class='ocrx_word' id='word_1_376' title='bbox 1272 2718 1436 2784; x_wconf 76' lang='lat' dir='ltr'>difficultas</span> <span class='ocrx_word' id='word_1_377' title='bbox 1467 2731 1608 2781; x_wconf 82' lang='lat' dir='ltr'>remanet</span> <span class='ocrx_word' id='word_1_378' title='bbox 1632 2716 1694 2778; x_wconf 88' lang='lat' dir='ltr'>cic·</span> 
     </span>
     <span class='ocr_line' id='line_1_33' title="bbox 114 2795 1695 2892; baseline -0.015 -10"><span class='ocrx_word' id='word_1_379' title='bbox 114 2817 247 2892; x_wconf 76' lang='lat' dir='ltr'>uxori.</span> <span class='ocrx_word' id='word_1_380' title='bbox 279 2811 370 2875; x_wconf 89' lang='lat' dir='ltr'>Unde</span> <span class='ocrx_word' id='word_1_381' title='bbox 395 2813 457 2876; x_wconf 89' lang='lat' dir='ltr'>duo</span> <span class='ocrx_word' id='word_1_382' title='bbox 478 2815 547 2876; x_wconf 87' lang='lat' dir='ltr'>iura</span> <span class='ocrx_word' id='word_1_383' title='bbox 574 2833 701 2878; x_wconf 82' lang='lat' dir='ltr'>nunrero</span> <span class='ocrx_word' id='word_1_384' title='bbox 723 2813 896 2880; x_wconf 85' lang='lat' dir='ltr'>¹formaliter</span> <span class='ocrx_word' id='word_1_385' title='bbox 929 2827 965 2876; x_wconf 82' lang='lat' dir='ltr'>ca</span> <span class='ocrx_word' id='word_1_386' title='bbox 985 2809 1111 2873; x_wconf 87' lang='lat' dir='ltr'>tertium</span> <span class='ocrx_word' id='word_1_387' title='bbox 1136 2800 1277 2878; x_wconf 85' lang='lat' dir='ltr'>modum,</span> <span class='ocrx_word' id='word_1_388' title='bbox 1293 2817 1358 2876; x_wconf 76' lang='lat' dir='ltr'>quo</span> <span class='ocrx_word' id='word_1_389' title='bbox 1381 2795 1469 2876; x_wconf 82' lang='lat' dir='ltr'>supra</span> <span class='ocrx_word' id='word_1_390' title='bbox 1489 2796 1621 2860; x_wconf 72' lang='lat' dir='ltr'>dirimat</span> <span class='ocrx_word' id='word_1_391' title='bbox 1649 2796 1695 2858; x_wconf 84' lang='lat' dir='ltr'>itt·</span> 
     </span>
     <span class='ocr_line' id='line_1_34' title="bbox 116 2873 1695 2971; baseline -0.015 -9"><span class='ocrx_word' id='word_1_392' title='bbox 116 2891 261 2962; x_wconf 74' lang='lat' dir='ltr'>aunam</span> <span class='ocrx_word' id='word_1_393' title='bbox 285 2891 386 2957; x_wconf 88' lang='lat' dir='ltr'>violat</span> <span class='ocrx_word' id='word_1_394' title='bbox 410 2891 549 2957; x_wconf 86' lang='lat' dir='ltr'>adulter.</span> <span class='ocrx_word' id='word_1_395' title='bbox 572 2893 612 2958; x_wconf 79' lang='lat' dir='ltr'>Bt</span> <span class='ocrx_word' id='word_1_396' title='bbox 636 2891 677 2957; x_wconf 85' lang='lat' dir='ltr'>sic</span> <span class='ocrx_word' id='word_1_397' title='bbox 705 2895 736 2958; x_wconf 87' lang='lat' dir='ltr'>in</span> <span class='ocrx_word' id='word_1_398' title='bbox 760 2893 896 2971; x_wconf 80' lang='lat' dir='ltr'>plurimis</span> <span class='ocrx_word' id='word_1_399' title='bbox 929 2890 1020 2955; x_wconf 89' lang='lat' dir='ltr'>dic&#39;ari</span> <span class='ocrx_word' id='word_1_400' title='bbox 1042 2881 1123 2961; x_wconf 84' lang='lat' dir='ltr'>polle</span> <span class='ocrx_word' id='word_1_401' title='bbox 1143 2880 1224 2946; x_wconf 79' lang='lat' dir='ltr'>atius</span> <span class='ocrx_word' id='word_1_402' title='bbox 1243 2881 1424 2954; x_wconf 86' lang='lat' dir='ltr'>interrumpi</span> <span class='ocrx_word' id='word_1_403' title='bbox 1441 2895 1494 2952; x_wconf 89' lang='lat' dir='ltr'>per</span> <span class='ocrx_word' id='word_1_404' title='bbox 1513 2873 1695 2939; x_wconf 84' lang='lat' dir='ltr'>involunta-</span> 
     </span>
     <span class='ocr_line' id='line_1_35' title="bbox 61 2947 1794 3053; baseline -0.016 -13"><span class='ocrx_word' id='word_1_405' title='bbox 61 3037 63 3040; x_wconf 84' lang='lat'>.</span> <span class='ocrx_word' id='word_1_406' title='bbox 117 2977 197 3042; x_wconf 77' lang='lat' dir='ltr'>aliia</span> <span class='ocrx_word' id='word_1_407' title='bbox 215 2969 351 3049; x_wconf 73' lang='lat' dir='ltr'>camur,</span> <span class='ocrx_word' id='word_1_408' title='bbox 371 2972 424 3048; x_wconf 87' lang='lat' dir='ltr'>qui</span> <span class='ocrx_word' id='word_1_409' title='bbox 443 2971 606 3038; x_wconf 79' lang='lat' dir='ltr'>brevitatis</span> <span class='ocrx_word' id='word_1_410' title='bbox 622 2975 719 3053; x_wconf 80' lang='lat' dir='ltr'>gratia</span> <span class='ocrx_word' id='word_1_411' title='bbox 736 2972 785 3038; x_wconf 84' lang='lat' dir='ltr'>liic</span> <span class='ocrx_word' id='word_1_412' title='bbox 803 2975 896 3038; x_wconf 90' lang='lat' dir='ltr'>omit·</span> <span class='ocrx_word' id='word_1_413' title='bbox 931 2971 1026 3047; x_wconf 74' lang='lat' dir='ltr'>riam,</span> <span class='ocrx_word' id='word_1_414' title='bbox 1045 2965 1079 3031; x_wconf 71' lang='grc' dir='ltr'><strong>ἃ</strong></span> <span class='ocrx_word' id='word_1_415' title='bbox 1099 2959 1271 3026; x_wconf 81' lang='lat' dir='ltr'>naturalem</span> <span class='ocrx_word' id='word_1_416' title='bbox 1290 2959 1489 3024; x_wconf 84' lang='lat' dir='ltr'>cellationem</span> <span class='ocrx_word' id='word_1_417' title='bbox 1509 2949 1614 3029; x_wconf 64' lang='lat' dir='ltr'>adut,</span> <span class='ocrx_word' id='word_1_418' title='bbox 1642 2947 1695 3016; x_wconf 86' lang='lat' dir='ltr'>seu</span> <span class='ocrx_word' id='word_1_419' title='bbox 1790 3011 1794 3021; x_wconf 88' lang='grc'><strong>,</strong></span> 
     </span>
     <span class='ocr_line' id='line_1_36' title="bbox 117 3037 1507 3132; baseline -0.022 -5"><span class='ocrx_word' id='word_1_420' title='bbox 117 3068 259 3132; x_wconf 66' lang='lat' dir='ltr'>tumut-</span> <span class='ocrx_word' id='word_1_421' title='bbox 332 3057 339 3072; x_wconf 72' lang='lat'><strong>⁴</strong></span> <span class='ocrx_word' id='word_1_422' title='bbox 582 3089 585 3098; x_wconf 80' lang='lat'><em>=</em></span> <span class='ocrx_word' id='word_1_423' title='bbox 930 3062 983 3131; x_wconf 87' lang='lat' dir='ltr'>per</span> <span class='ocrx_word' id='word_1_424' title='bbox 1005 3046 1149 3122; x_wconf 85' lang='lat' dir='ltr'>temporie</span> <span class='ocrx_word' id='word_1_425' title='bbox 1168 3037 1507 3105; x_wconf 72' lang='lat' dir='ltr'>disconrimrationetn.¹</span> 
     </span>
     <span class='ocr_line' id='line_1_37' title="bbox 162 3109 1697 3210; baseline -0.018 -11"><span class='ocrx_word' id='word_1_426' title='bbox 162 3135 302 3198; x_wconf 60' lang='lat' dir='ltr'>stream</span> <span class='ocrx_word' id='word_1_427' title='bbox 318 3129 441 3210; x_wconf 81' lang='lat' dir='ltr'>nluper</span> <span class='ocrx_word' id='word_1_428' title='bbox 468 3145 594 3197; x_wconf 85' lang='lat' dir='ltr'>numero</span> <span class='ocrx_word' id='word_1_429' title='bbox 618 3132 867 3210; x_wconf 79' lang='lat' dir='ltr'>multiplicantur</span> <span class='ocrx_word' id='word_1_430' title='bbox 888 3179 896 3208; x_wconf 93' lang='lat'>,</span> <span class='ocrx_word' id='word_1_431' title='bbox 972 3125 1011 3192; x_wconf 81' lang='lat' dir='ltr'>Et</span> <span class='ocrx_word' id='word_1_432' title='bbox 1026 3121 1125 3203; x_wconf 83' lang='lat' dir='ltr'>quoad</span> <span class='ocrx_word' id='word_1_433' title='bbox 1147 3135 1270 3199; x_wconf 77' lang='lat' dir='ltr'>peccata</span> <span class='ocrx_word' id='word_1_434' title='bbox 1288 3119 1387 3184; x_wconf 84' lang='lat' dir='ltr'>cordis</span> <span class='ocrx_word' id='word_1_435' title='bbox 1400 3165 1409 3196; x_wconf 98' lang='lat'>,</span> <span class='ocrx_word' id='word_1_436' title='bbox 1425 3114 1483 3181; x_wconf 86' lang='lat' dir='ltr'>bot</span> <span class='ocrx_word' id='word_1_437' title='bbox 1499 3109 1697 3180; x_wconf 81' lang='lat' dir='ltr'>essconsurn·</span> 
     </span>
     <span class='ocr_line' id='line_1_38' title="bbox 118 3193 1696 3292; baseline -0.016 -14"><span class='ocrx_word' id='word_1_438' title='bbox 118 3209 181 3280; x_wconf 82' lang='lat' dir='ltr'>seu</span> <span class='ocrx_word' id='word_1_439' title='bbox 213 3209 441 3292; x_wconf 79' lang='lat' dir='ltr'>distinguuntur</span> <span class='ocrx_word' id='word_1_440' title='bbox 470 3229 522 3290; x_wconf 87' lang='lat' dir='ltr'>per</span> <span class='ocrx_word' id='word_1_441' title='bbox 551 3212 698 3276; x_wconf 85' lang='lat' dir='ltr'>moralem</span> <span class='ocrx_word' id='word_1_442' title='bbox 724 3211 896 3276; x_wconf 87' lang='lat' dir='ltr'>eorumdem</span> <span class='ocrx_word' id='word_1_443' title='bbox 931 3225 1016 3273; x_wconf 87' lang='lat' dir='ltr'>mata</span> <span class='ocrx_word' id='word_1_444' title='bbox 1037 3199 1165 3285; x_wconf 76' lang='lat' dir='ltr'>perlem</span> <span class='ocrx_word' id='word_1_445' title='bbox 1195 3203 1226 3264; x_wconf 92' lang='lat' dir='ltr'>in</span> <span class='ocrx_word' id='word_1_446' title='bbox 1244 3195 1468 3266; x_wconf 69' lang='lat' dir='ltr'>incubatio&amp;</span> <span class='ocrx_word' id='word_1_447' title='bbox 1494 3193 1696 3266; x_wconf 83' lang='lat' dir='ltr'>voluntate;</span> 
     </span>
     <span class='ocr_line' id='line_1_39' title="bbox 122 3268 1716 3370; baseline -0.015 -13"><span class='ocrx_word' id='word_1_448' title='bbox 122 3291 252 3357; x_wconf 76' lang='lat' dir='ltr'>atinum</span> <span class='ocrx_word' id='word_1_449' title='bbox 267 3294 546 3370; x_wconf 79' lang='lat' dir='ltr'>interruptionem,</span> <span class='ocrx_word' id='word_1_450' title='bbox 562 3292 684 3368; x_wconf 87' lang='lat' dir='ltr'>quando</span> <span class='ocrx_word' id='word_1_451' title='bbox 703 3291 816 3357; x_wconf 79' lang='lat' dir='ltr'>scilicet</span> <span class='ocrx_word' id='word_1_452' title='bbox 833 3309 895 3354; x_wconf 80' lang='lat' dir='ltr'>nec</span> <span class='ocrx_word' id='word_1_453' title='bbox 933 3293 1196 3362; x_wconf 84' lang='lat' dir='ltr'>interrumpuntur</span> <span class='ocrx_word' id='word_1_454' title='bbox 1208 3279 1394 3364; x_wconf 79' lang='lat' dir='ltr'>moraliter,</span> <span class='ocrx_word' id='word_1_455' title='bbox 1419 3275 1453 3340; x_wconf 82' lang='lat' dir='ltr'>iit</span> <span class='ocrx_word' id='word_1_456' title='bbox 1467 3291 1542 3351; x_wconf 86' lang='lat' dir='ltr'>quot</span> <span class='ocrx_word' id='word_1_457' title='bbox 1569 3268 1643 3336; x_wconf 84' lang='lat' dir='ltr'>sunt</span> <span class='ocrx_word' id='word_1_458' title='bbox 1663 3287 1695 3334; x_wconf 86' lang='lat' dir='ltr'>a·</span> <span class='ocrx_word' id='word_1_459' title='bbox 1714 3311 1716 3316; x_wconf 82' lang='lat'><em>.</em></span> 
     </span>
     <span class='ocr_line' id='line_1_40' title="bbox 118 3353 1690 3449; baseline -0.015 -13"><span class='ocrx_word' id='word_1_460' title='bbox 118 3371 333 3449; x_wconf 80' lang='lat' dir='ltr'>virtualiter,</span> <span class='ocrx_word' id='word_1_461' title='bbox 353 3383 408 3433; x_wconf 87' lang='lat' dir='ltr'>nec</span> <span class='ocrx_word' id='word_1_462' title='bbox 424 3373 684 3448; x_wconf 79' lang='lat' dir='ltr'>interpretativa,</span> <span class='ocrx_word' id='word_1_463' title='bbox 707 3390 815 3448; x_wconf 85' lang='lat' dir='ltr'>nempe</span> <span class='ocrx_word' id='word_1_464' title='bbox 837 3389 896 3435; x_wconf 90' lang='lat' dir='ltr'>nec</span> <span class='ocrx_word' id='word_1_465' title='bbox 932 3367 995 3434; x_wconf 81' lang='lat' dir='ltr'>ilua</span> <span class='ocrx_word' id='word_1_466' title='bbox 1015 3361 1186 3431; x_wconf 83' lang='lat' dir='ltr'>voluntaria</span> <span class='ocrx_word' id='word_1_467' title='bbox 1235 3377 1284 3424; x_wconf 90' lang='lat' dir='ltr'>tor</span> <span class='ocrx_word' id='word_1_468' title='bbox 1305 3375 1429 3436; x_wconf 89' lang='lat' dir='ltr'>peccata</span> <span class='ocrx_word' id='word_1_469' title='bbox 1444 3353 1690 3431; x_wconf 87' lang='lat' dir='ltr'>multiplicantur</span> 
     </span>
     <span class='ocr_line' id='line_1_41' title="bbox 119 3411 1698 3528; baseline -0.015 -11"><span class='ocrx_word' id='word_1_470' title='bbox 119 3449 306 3528; x_wconf 80' lang='lat' dir='ltr'>formaliter</span> <span class='ocrx_word' id='word_1_471' title='bbox 323 3453 353 3511; x_wconf 90' lang='lat' dir='ltr'>in</span> <span class='ocrx_word' id='word_1_472' title='bbox 379 3447 429 3525; x_wconf 88' lang='lat' dir='ltr'>se,</span> <span class='ocrx_word' id='word_1_473' title='bbox 450 3469 546 3526; x_wconf 85' lang='lat' dir='ltr'>neque</span> <span class='ocrx_word' id='word_1_474' title='bbox 574 3450 758 3514; x_wconf 83' lang='lat' dir='ltr'>virtualiter</span> <span class='ocrx_word' id='word_1_475' title='bbox 785 3453 816 3512; x_wconf 91' lang='lat' dir='ltr'>in</span> <span class='ocrx_word' id='word_1_476' title='bbox 842 3450 898 3512; x_wconf 89' lang='lat' dir='ltr'>ali·</span> <span class='ocrx_word' id='word_1_477' title='bbox 933 3465 1060 3512; x_wconf 88' lang='lat' dir='ltr'>numero</span> <span class='ocrx_word' id='word_1_478' title='bbox 1081 3489 1090 3521; x_wconf 92' lang='lat'>,</span> <span class='ocrx_word' id='word_1_479' title='bbox 1114 3461 1178 3507; x_wconf 91' lang='lat' dir='ltr'>non</span> <span class='ocrx_word' id='word_1_480' title='bbox 1196 3411 1532 3516; x_wconf 77' lang='lat' dir='ltr'>lolumparexprcllam</span> <span class='ocrx_word' id='word_1_481' title='bbox 1550 3427 1698 3496; x_wconf 68' lang='lat' dir='ltr'>retiam.-</span> 
     </span>
     <span class='ocr_line' id='line_1_42' title="bbox 118 3511 1694 3674; baseline -0.015 -78"><span class='ocrx_word' id='word_1_482' title='bbox 118 3551 188 3674; x_wconf 46' lang='lat'>2¹¹⁰</span> <span class='ocrx_word' id='word_1_483' title='bbox 205 3525 316 3594; x_wconf 71' lang='lat' dir='ltr'>offatm</span> <span class='ocrx_word' id='word_1_484' title='bbox 333 3526 414 3592; x_wconf 75' lang='lat' dir='ltr'>atius</span> <span class='ocrx_word' id='word_1_485' title='bbox 429 3547 551 3594; x_wconf 86' lang='lat' dir='ltr'>manere</span> <span class='ocrx_word' id='word_1_486' title='bbox 566 3526 617 3592; x_wconf 87' lang='lat' dir='ltr'>seu</span> <span class='ocrx_word' id='word_1_487' title='bbox 625 3527 808 3594; x_wconf 87' lang='lat' dir='ltr'>continuare</span> <span class='ocrx_word' id='word_1_488' title='bbox 826 3545 897 3592; x_wconf 88' lang='lat' dir='ltr'>cen·</span> <span class='ocrx_word' id='word_1_489' title='bbox 934 3532 1069 3600; x_wconf 65' lang='lat' dir='ltr'>tionem</span> <span class='ocrx_word' id='word_1_490' title='bbox 1087 3519 1134 3586; x_wconf 85' lang='lat' dir='ltr'>led</span> <span class='ocrx_word' id='word_1_491' title='bbox 1143 3539 1182 3586; x_wconf 89' lang='lat' dir='ltr'>eo</span> <span class='ocrx_word' id='word_1_492' title='bbox 1190 3521 1252 3597; x_wconf 84' lang='lat' dir='ltr'>ipso</span> <span class='ocrx_word' id='word_1_493' title='bbox 1259 3514 1445 3594; x_wconf 78' lang='lat' dir='ltr'>etiamquod</span> <span class='ocrx_word' id='word_1_494' title='bbox 1456 3512 1537 3578; x_wconf 75' lang='lat' dir='ltr'>ailus</span> <span class='ocrx_word' id='word_1_495' title='bbox 1547 3511 1694 3576; x_wconf 89' lang='lat' dir='ltr'>volunta·</span> 
     </span>
     <span class='ocr_line' id='line_1_43' title="bbox 135 3595 1696 3686; baseline -0.015 -12"><span class='ocrx_word' id='word_1_496' title='bbox 135 3627 258 3686; x_wconf 89' lang='lat' dir='ltr'>eatur,·</span> <span class='ocrx_word' id='word_1_497' title='bbox 274 3613 346 3684; x_wconf 79' lang='lat' dir='ltr'>quia</span> <span class='ocrx_word' id='word_1_498' title='bbox 362 3626 431 3673; x_wconf 88' lang='lat' dir='ltr'>cum</span> <span class='ocrx_word' id='word_1_499' title='bbox 448 3626 606 3684; x_wconf 87' lang='lat' dir='ltr'>peccatum</span> <span class='ocrx_word' id='word_1_500' title='bbox 626 3607 663 3672; x_wconf 82' lang='lat' dir='ltr'>sit</span> <span class='ocrx_word' id='word_1_501' title='bbox 683 3604 763 3673; x_wconf 77' lang='lat' dir='ltr'>atius</span> <span class='ocrx_word' id='word_1_502' title='bbox 794 3607 898 3672; x_wconf 84' lang='lat' dir='ltr'>huma·</span> <span class='ocrx_word' id='word_1_503' title='bbox 935 3603 1247 3677; x_wconf 85' lang='lat' dir='ltr'>tismrrltiplicantur,</span> <span class='ocrx_word' id='word_1_504' title='bbox 1263 3595 1313 3663; x_wconf 85' lang='lat' dir='ltr'>seu</span> <span class='ocrx_word' id='word_1_505' title='bbox 1326 3601 1533 3670; x_wconf 81' lang='lat' dir='ltr'>innovantur,</span> <span class='ocrx_word' id='word_1_506' title='bbox 1552 3611 1623 3656; x_wconf 89' lang='lat' dir='ltr'>cum</span> <span class='ocrx_word' id='word_1_507' title='bbox 1632 3607 1696 3653; x_wconf 89' lang='lat' dir='ltr'>nou</span> 
     </span>
     <span class='ocr_line' id='line_1_44' title="bbox 120 3670 1755 3767; baseline -0.016 -14"><span class='ocrx_word' id='word_1_508' title='bbox 120 3709 188 3753; x_wconf 82' lang='lat' dir='ltr'>nus</span> <span class='ocrx_word' id='word_1_509' title='bbox 211 3689 309 3752; x_wconf 81' lang='lat' dir='ltr'>malus</span> <span class='ocrx_word' id='word_1_510' title='bbox 333 3689 513 3767; x_wconf 85' lang='lat' dir='ltr'>moraliter,</span> <span class='ocrx_word' id='word_1_511' title='bbox 532 3689 603 3753; x_wconf 81' lang='lat' dir='ltr'>iiiuc</span> <span class='ocrx_word' id='word_1_512' title='bbox 626 3706 702 3765; x_wconf 85' lang='lat' dir='ltr'>quot</span> <span class='ocrx_word' id='word_1_513' title='bbox 725 3687 796 3751; x_wconf 86' lang='lat' dir='ltr'>sunt</span> <span class='ocrx_word' id='word_1_514' title='bbox 817 3683 899 3752; x_wconf 81' lang='lat' dir='ltr'>attus</span> <span class='ocrx_word' id='word_1_515' title='bbox 931 3683 1043 3766; x_wconf 81' lang='lat' dir='ltr'>polline</span> <span class='ocrx_word' id='word_1_516' title='bbox 1061 3678 1142 3746; x_wconf 74' lang='lat' dir='ltr'>ailus</span> <span class='ocrx_word' id='word_1_517' title='bbox 1156 3675 1354 3754; x_wconf 86' lang='lat' dir='ltr'>multiplicari</span> <span class='ocrx_word' id='word_1_518' title='bbox 1375 3670 1697 3748; x_wconf 67' lang='lat' dir='ltr'>tantumtempora</span> <span class='ocrx_word' id='word_1_519' title='bbox 1750 3707 1755 3715; x_wconf 88' lang='lat'>-</span> 
     </span>
     <span class='ocr_line' id='line_1_45' title="bbox 121 3747 1696 3864; baseline -0.023 -17"><span class='ocrx_word' id='word_1_520' title='bbox 121 3769 315 3864; x_wconf 56' lang='grc' dir='ltr'>Ἶρῑβῦῑξῒίῡ</span> <span class='ocrx_word' id='word_1_521' title='bbox 346 3769 419 3835; x_wconf 76' lang='lat' dir='ltr'>mall</span> <span class='ocrx_word' id='word_1_522' title='bbox 450 3769 613 3834; x_wconf 88' lang='lat' dir='ltr'>moraliter</span> <span class='ocrx_word' id='word_1_523' title='bbox 640 3769 806 3846; x_wconf 84' lang='lat' dir='ltr'>interrupti</span> <span class='ocrx_word' id='word_1_524' title='bbox 829 3765 900 3848; x_wconf 74' lang='lat' dir='ltr'>,dr</span> <span class='ocrx_word' id='word_1_525' title='bbox 935 3764 1131 3829; x_wconf 82' lang='lat' dir='ltr'>simuletiam</span> <span class='ocrx_word' id='word_1_526' title='bbox 1150 3762 1412 3834; x_wconf 85' lang='lat' dir='ltr'>internnupantur</span> <span class='ocrx_word' id='word_1_527' title='bbox 1444 3750 1495 3817; x_wconf 84' lang='lat' dir='ltr'>lau</span> <span class='ocrx_word' id='word_1_528' title='bbox 1518 3769 1596 3816; x_wconf 79' lang='lat' dir='ltr'>unua</span> <span class='ocrx_word' id='word_1_529' title='bbox 1612 3747 1696 3812; x_wconf 80' lang='lat' dir='ltr'>aliut</span> 
     </span>
     <span class='ocr_line' id='line_1_46' title="bbox 108 3827 1698 3943; baseline -0.011 -32"><span class='ocrx_word' id='word_1_530' title='bbox 108 3841 268 3942; x_wconf 65' lang='lat' dir='ltr'>,distincti</span> <span class='ocrx_word' id='word_1_531' title='bbox 280 3891 289 3924; x_wconf 90' lang='lat'>,</span> <span class='ocrx_word' id='word_1_532' title='bbox 300 3861 365 3938; x_wconf 34' lang='lat' dir='ltr'>&#39;rot</span> <span class='ocrx_word' id='word_1_533' title='bbox 385 3846 552 3943; x_wconf 69' lang='lat' dir='ltr'>soutarius</span> <span class='ocrx_word' id='word_1_534' title='bbox 572 3848 696 3914; x_wconf 74' lang='lat' dir='ltr'>hermani</span> <span class='ocrx_word' id='word_1_535' title='bbox 717 3849 787 3913; x_wconf 88' lang='lat' dir='ltr'>mali</span> <span class='ocrx_word' id='word_1_536' title='bbox 802 3865 900 3912; x_wconf 84' lang='lat' dir='ltr'>mora·</span> <span class='ocrx_word' id='word_1_537' title='bbox 936 3845 973 3910; x_wconf 90' lang='lat' dir='ltr'>ab</span> <span class='ocrx_word' id='word_1_538' title='bbox 988 3844 1050 3910; x_wconf 90' lang='lat' dir='ltr'>alio</span> <span class='ocrx_word' id='word_1_539' title='bbox 1063 3841 1271 3917; x_wconf 78' lang='lat' dir='ltr'>ditiungatur.</span> <span class='ocrx_word' id='word_1_540' title='bbox 1291 3837 1331 3900; x_wconf 86' lang='lat' dir='ltr'>Et</span> <span class='ocrx_word' id='word_1_541' title='bbox 1340 3838 1421 3901; x_wconf 85' lang='lat' dir='ltr'>ratio</span> <span class='ocrx_word' id='word_1_542' title='bbox 1439 3831 1500 3912; x_wconf 83' lang='lat' dir='ltr'>est,</span> <span class='ocrx_word' id='word_1_543' title='bbox 1516 3833 1589 3910; x_wconf 86' lang='lat' dir='ltr'>quia</span> <span class='ocrx_word' id='word_1_544' title='bbox 1607 3827 1698 3894; x_wconf 82' lang='lat' dir='ltr'>huiu-</span> 
     </span>
     <span class='ocr_line' id='line_1_47' title="bbox 119 3913 1699 4020; baseline -0.026 -8"><span class='ocrx_word' id='word_1_545' title='bbox 119 3929 227 4012; x_wconf 71' lang='lat' dir='ltr'>¹¹tert</span> <span class='ocrx_word' id='word_1_546' title='bbox 245 3923 280 3989; x_wconf 70' lang='grc' dir='ltr'>ἁ</span> <span class='ocrx_word' id='word_1_547' title='bbox 297 3921 366 4018; x_wconf 66' lang='lat' dir='ltr'>ileo</span> <span class='ocrx_word' id='word_1_548' title='bbox 386 3941 434 4020; x_wconf 78' lang='lat' dir='ltr'>tot</span> <span class='ocrx_word' id='word_1_549' title='bbox 453 3925 588 3994; x_wconf 79' lang='lat' dir='ltr'>dillinda</span> <span class='ocrx_word' id='word_1_550' title='bbox 611 3945 739 3994; x_wconf 85' lang='lat' dir='ltr'>numero</span> <span class='ocrx_word' id='word_1_551' title='bbox 758 3943 899 4007; x_wconf 87' lang='lat' dir='ltr'>peccata.</span> <span class='ocrx_word' id='word_1_552' title='bbox 935 3921 1064 4008; x_wconf 84' lang='lat' dir='ltr'>lccmotll</span> <span class='ocrx_word' id='word_1_553' title='bbox 1086 3933 1228 3998; x_wconf 83' lang='lat' dir='ltr'>pecoara,</span> <span class='ocrx_word' id='word_1_554' title='bbox 1243 3916 1411 3995; x_wconf 80' lang='lat' dir='ltr'>postquam</span> <span class='ocrx_word' id='word_1_555' title='bbox 1439 3913 1699 3984; x_wconf 76' lang='lat' dir='ltr'>ammittuntur,</span> 
     </span>
     <span class='ocr_line' id='line_1_48' title="bbox 123 3994 1695 4098; baseline -0.015 -23"><span class='ocrx_word' id='word_1_556' title='bbox 123 4007 219 4075; x_wconf 84' lang='lat' dir='ltr'>Nam</span> <span class='ocrx_word' id='word_1_557' title='bbox 240 4001 364 4098; x_wconf 73' lang='lat' dir='ltr'>moralis</span> <span class='ocrx_word' id='word_1_558' title='bbox 392 4010 579 4086; x_wconf 85' lang='lat' dir='ltr'>interruptio</span> <span class='ocrx_word' id='word_1_559' title='bbox 607 4005 732 4088; x_wconf 87' lang='lat' dir='ltr'>efficit,</span> <span class='ocrx_word' id='word_1_560' title='bbox 755 4027 791 4076; x_wconf 88' lang='lat' dir='ltr'>ut</span> <span class='ocrx_word' id='word_1_561' title='bbox 820 4004 901 4071; x_wconf 69' lang='lat' dir='ltr'>adua</span> <span class='ocrx_word' id='word_1_562' title='bbox 935 4001 1125 4070; x_wconf 88' lang='lat' dir='ltr'>nullomodo</span> <span class='ocrx_word' id='word_1_563' title='bbox 1145 4015 1292 4074; x_wconf 86' lang='lat' dir='ltr'>manent,</span> <span class='ocrx_word' id='word_1_564' title='bbox 1309 3994 1358 4061; x_wconf 86' lang='lat' dir='ltr'>lau</span> <span class='ocrx_word' id='word_1_565' title='bbox 1380 3995 1606 4075; x_wconf 87' lang='lat' dir='ltr'>perleveraut,</span> <span class='ocrx_word' id='word_1_566' title='bbox 1637 4005 1695 4052; x_wconf 88' lang='lat' dir='ltr'>nee</span> 
     </span>
     <span class='ocr_line' id='line_1_49' title="bbox 57 4069 1699 4186; baseline -0.013 -34"><span class='ocrx_word' id='word_1_567' title='bbox 57 4183 60 4186; x_wconf 13' lang='grc' dir='ltr'>Ι</span> <span class='ocrx_word' id='word_1_568' title='bbox 118 4105 190 4152; x_wconf 89' lang='lat' dir='ltr'>non</span> <span class='ocrx_word' id='word_1_569' title='bbox 209 4080 271 4152; x_wconf 88' lang='lat' dir='ltr'>srnt</span> <span class='ocrx_word' id='word_1_570' title='bbox 288 4099 371 4150; x_wconf 85' lang='lat' dir='ltr'>anter</span> <span class='ocrx_word' id='word_1_571' title='bbox 390 4082 595 4151; x_wconf 80' lang='lat' dir='ltr'>femoraliter</span> <span class='ocrx_word' id='word_1_572' title='bbox 611 4091 765 4166; x_wconf 84' lang='lat' dir='ltr'>cmmexi,</span> <span class='ocrx_word' id='word_1_573' title='bbox 784 4109 822 4154; x_wconf 86' lang='lat' dir='ltr'>eo</span> <span class='ocrx_word' id='word_1_574' title='bbox 843 4084 901 4152; x_wconf 87' lang='lat' dir='ltr'>ler-</span> <span class='ocrx_word' id='word_1_575' title='bbox 936 4082 1130 4158; x_wconf 84' lang='lat' dir='ltr'>formaliter,</span> <span class='ocrx_word' id='word_1_576' title='bbox 1145 4099 1202 4144; x_wconf 89' lang='lat' dir='ltr'>nec</span> <span class='ocrx_word' id='word_1_577' title='bbox 1219 4079 1422 4153; x_wconf 77' lang='lat' dir='ltr'>virtualiter,</span> <span class='ocrx_word' id='word_1_578' title='bbox 1447 4073 1528 4140; x_wconf 89' lang='lat' dir='ltr'>unde</span> <span class='ocrx_word' id='word_1_579' title='bbox 1547 4069 1699 4136; x_wconf 88' lang='lat' dir='ltr'>llarimac</span> 
     </span>
     <span class='ocr_line' id='line_1_50' title="bbox 121 4147 1699 4260; baseline -0.016 -26"><span class='ocrx_word' id='word_1_580' title='bbox 121 4183 178 4230; x_wconf 85' lang='lat' dir='ltr'>me</span> <span class='ocrx_word' id='word_1_581' title='bbox 211 4161 299 4260; x_wconf 59' lang='lat' dir='ltr'>pado</span> <span class='ocrx_word' id='word_1_582' title='bbox 333 4183 395 4259; x_wconf 61' lang='lat' dir='ltr'>nuo</span> <span class='ocrx_word' id='word_1_583' title='bbox 423 4183 523 4256; x_wconf 26' lang='lat' dir='ltr'>exlop</span> <span class='ocrx_word' id='word_1_584' title='bbox 540 4248 546 4260; x_wconf 30' lang='grc' dir='ltr'>ι</span> <span class='ocrx_word' id='word_1_585' title='bbox 563 4165 622 4230; x_wconf 85' lang='lat' dir='ltr'>lito</span> <span class='ocrx_word' id='word_1_586' title='bbox 646 4168 770 4244; x_wconf 69' lang='lat' dir='ltr'>moralis</span> <span class='ocrx_word' id='word_1_587' title='bbox 800 4171 900 4233; x_wconf 89' lang='lat' dir='ltr'>conti·</span> <span class='ocrx_word' id='word_1_588' title='bbox 937 4164 1138 4244; x_wconf 80' lang='lat' dir='ltr'>perficiuntur</span> <span class='ocrx_word' id='word_1_589' title='bbox 1155 4153 1492 4239; x_wconf 65' lang='lat' dir='ltr'>peraditttinttlleibaa</span> <span class='ocrx_word' id='word_1_590' title='bbox 1510 4151 1568 4233; x_wconf 71' lang='grc' dir='ltr'>,ἀ</span> <span class='ocrx_word' id='word_1_591' title='bbox 1585 4147 1699 4216; x_wconf 78' lang='lat' dir='ltr'>volun·</span> 
     </span>
     <span class='ocr_line' id='line_1_51' title="bbox 121 4213 1702 4340; baseline -0.027 -10"><span class='ocrx_word' id='word_1_592' title='bbox 121 4259 245 4340; x_wconf 59' lang='grc' dir='ltr'>’ΜΨ</span> <span class='ocrx_word' id='word_1_593' title='bbox 262 4241 356 4337; x_wconf 60' lang='lat' dir='ltr'>,fami</span> <span class='ocrx_word' id='word_1_594' title='bbox 383 4243 460 4324; x_wconf 80' lang='lat' dir='ltr'>qnod</span> <span class='ocrx_word' id='word_1_595' title='bbox 489 4265 505 4310; x_wconf 60' lang='grc' dir='ltr'>ἃ</span> <span class='ocrx_word' id='word_1_596' title='bbox 539 4263 650 4326; x_wconf 72' lang='lat' dir='ltr'>iones,</span> <span class='ocrx_word' id='word_1_597' title='bbox 676 4246 750 4312; x_wconf 87' lang='lat' dir='ltr'>licet</span> <span class='ocrx_word' id='word_1_598' title='bbox 776 4247 913 4334; x_wconf 46' lang='lat' dir='ltr'>physice,</span> <span class='ocrx_word' id='word_1_599' title='bbox 937 4248 1030 4323; x_wconf 82' lang='lat' dir='ltr'>tatia,</span> <span class='ocrx_word' id='word_1_600' title='bbox 1055 4241 1117 4306; x_wconf 84' lang='lat' dir='ltr'>elie</span> <span class='ocrx_word' id='word_1_601' title='bbox 1147 4241 1288 4308; x_wconf 79' lang='lat' dir='ltr'>definunt</span> <span class='ocrx_word' id='word_1_602' title='bbox 1312 4235 1429 4304; x_wconf 84' lang='lat' dir='ltr'>etiamst</span> <span class='ocrx_word' id='word_1_603' title='bbox 1456 4251 1519 4298; x_wconf 88' lang='lat' dir='ltr'>nou</span> <span class='ocrx_word' id='word_1_604' title='bbox 1540 4213 1702 4295; x_wconf 76' lang='lat' dir='ltr'>terraticu-</span> 
     </span>
     <span class='ocr_line' id='line_1_52' title="bbox 121 4303 1709 4404; baseline -0.022 -1"><span class='ocrx_word' id='word_1_605' title='bbox 121 4323 342 4404; x_wconf 66' lang='lat' dir='ltr'>mulfll’llcer,</span> <span class='ocrx_word' id='word_1_606' title='bbox 360 4323 420 4389; x_wconf 83' lang='lat' dir='ltr'>finr</span> <span class='ocrx_word' id='word_1_607' title='bbox 441 4345 502 4389; x_wconf 85' lang='lat' dir='ltr'>una</span> <span class='ocrx_word' id='word_1_608' title='bbox 521 4325 647 4404; x_wconf 78' lang='lat' dir='ltr'>moralia</span> <span class='ocrx_word' id='word_1_609' title='bbox 665 4325 758 4393; x_wconf 81' lang='lat' dir='ltr'>atim.</span> <span class='ocrx_word' id='word_1_610' title='bbox 937 4344 1010 4402; x_wconf 90' lang='lat' dir='ltr'>tut,</span> <span class='ocrx_word' id='word_1_611' title='bbox 1025 4322 1059 4392; x_wconf 80' lang='lat' dir='ltr'>dr</span> <span class='ocrx_word' id='word_1_612' title='bbox 1079 4321 1179 4390; x_wconf 80' lang='lat' dir='ltr'>solua</span> <span class='ocrx_word' id='word_1_613' title='bbox 1199 4335 1336 4393; x_wconf 85' lang='lat' dir='ltr'>remanet</span> <span class='ocrx_word' id='word_1_614' title='bbox 1353 4303 1709 4396; x_wconf 71' lang='lat' dir='ltr'>praenuntiatarum..</span> 
     </span>
     <span class='ocr_line' id='line_1_53' title="bbox 161 4379 1778 4478; baseline -0.015 -5"><span class='ocrx_word' id='word_1_615' title='bbox 161 4401 266 4470; x_wconf 74' lang='lat' dir='ltr'>nnus</span> <span class='ocrx_word' id='word_1_616' title='bbox 284 4406 535 4471; x_wconf 61' lang='lat' dir='ltr'>auremrluamani</span> <span class='ocrx_word' id='word_1_617' title='bbox 549 4407 709 4472; x_wconf 76' lang='lat' dir='ltr'>mammet</span> <span class='ocrx_word' id='word_1_618' title='bbox 736 4410 900 4473; x_wconf 86' lang='lat' dir='ltr'>interrum-</span> <span class='ocrx_word' id='word_1_619' title='bbox 937 4410 1099 4472; x_wconf 82' lang='lat' dir='ltr'>Peccatum</span> <span class='ocrx_word' id='word_1_620' title='bbox 1118 4419 1195 4468; x_wconf 86' lang='lat' dir='ltr'>veto</span> <span class='ocrx_word' id='word_1_621' title='bbox 1213 4398 1293 4478; x_wconf 86' lang='lat' dir='ltr'>quod</span> <span class='ocrx_word' id='word_1_622' title='bbox 1316 4401 1348 4460; x_wconf 90' lang='lat' dir='ltr'>in</span> <span class='ocrx_word' id='word_1_623' title='bbox 1372 4393 1401 4460; x_wconf 88' lang='lat' dir='ltr'>se</span> <span class='ocrx_word' id='word_1_624' title='bbox 1427 4411 1490 4458; x_wconf 86' lang='lat' dir='ltr'>uon</span> <span class='ocrx_word' id='word_1_625' title='bbox 1516 4401 1621 4456; x_wconf 80' lang='lat' dir='ltr'>matter</span> <span class='ocrx_word' id='word_1_626' title='bbox 1647 4379 1701 4450; x_wconf 82' lang='lat' dir='ltr'>seu</span> <span class='ocrx_word' id='word_1_627' title='bbox 1776 4463 1778 4468; x_wconf 68' lang='lat'>,</span> 
     </span>
     <span class='ocr_line' id='line_1_54' title="bbox 120 4469 1836 4628; baseline -0.021 -65"><span class='ocrx_word' id='word_1_628' title='bbox 120 4497 272 4628; x_wconf 63' lang='lat' dir='ltr'>fmilia</span> <span class='ocrx_word' id='word_1_629' title='bbox 290 4485 550 4563; x_wconf 58' lang='lat' dir='ltr'>ae&#39;cefflsshvel</span> <span class='ocrx_word' id='word_1_630' title='bbox 570 4488 824 4564; x_wconf 75' lang='lat' dir='ltr'>pertonuerlam</span> <span class='ocrx_word' id='word_1_631' title='bbox 846 4507 901 4553; x_wconf 80' lang='lat' dir='ltr'>to·</span> <span class='ocrx_word' id='word_1_632' title='bbox 937 4503 1001 4554; x_wconf 86' lang='lat' dir='ltr'>non</span> <span class='ocrx_word' id='word_1_633' title='bbox 1019 4480 1195 4564; x_wconf 83' lang='lat' dir='ltr'>perseverat</span> <span class='ocrx_word' id='word_1_634' title='bbox 1212 4499 1272 4546; x_wconf 83' lang='lat' dir='ltr'>net</span> <span class='ocrx_word' id='word_1_635' title='bbox 1296 4475 1483 4552; x_wconf 86' lang='lat' dir='ltr'>formaliter,</span> <span class='ocrx_word' id='word_1_636' title='bbox 1499 4487 1556 4536; x_wconf 83' lang='lat' dir='ltr'>net</span> <span class='ocrx_word' id='word_1_637' title='bbox 1579 4469 1701 4534; x_wconf 83' lang='lat' dir='ltr'>virtua-</span> <span class='ocrx_word' id='word_1_638' title='bbox 1834 4543 1836 4550; x_wconf 18' lang='lat' dir='ltr'>s</span> 
     </span>
     <span class='ocr_line' id='line_1_55' title="bbox 137 4547 1750 4660; baseline -0.024 -14"><span class='ocrx_word' id='word_1_639' title='bbox 137 4579 311 4660; x_wconf 59' lang='lat' dir='ltr'>§immina</span> <span class='ocrx_word' id='word_1_640' title='bbox 330 4563 365 4631; x_wconf 80' lang='lat' dir='ltr'>dt</span> <span class='ocrx_word' id='word_1_641' title='bbox 387 4564 590 4654; x_wconf 76' lang='lat' dir='ltr'>propositum,</span> <span class='ocrx_word' id='word_1_642' title='bbox 611 4559 901 4644; x_wconf 76' lang='lat' dir='ltr'>idellpervolunta·</span> <span class='ocrx_word' id='word_1_643' title='bbox 939 4567 1029 4644; x_wconf 82' lang='lat' dir='ltr'>litet,</span> <span class='ocrx_word' id='word_1_644' title='bbox 1046 4567 1153 4646; x_wconf 78' lang='lat' dir='ltr'>nequit</span> <span class='ocrx_word' id='word_1_645' title='bbox 1168 4580 1239 4630; x_wconf 89' lang='lat' dir='ltr'>cum</span> <span class='ocrx_word' id='word_1_646' title='bbox 1256 4559 1323 4625; x_wconf 91' lang='lat' dir='ltr'>alio</span> <span class='ocrx_word' id='word_1_647' title='bbox 1335 4557 1518 4623; x_wconf 84' lang='lat' dir='ltr'>continuare</span> <span class='ocrx_word' id='word_1_648' title='bbox 1540 4597 1550 4630; x_wconf 90' lang='lat'>,</span> <span class='ocrx_word' id='word_1_649' title='bbox 1569 4547 1699 4614; x_wconf 89' lang='lat' dir='ltr'>ledmo·</span> <span class='ocrx_word' id='word_1_650' title='bbox 1741 4601 1750 4626; x_wconf 80' lang='grc'>,</span> 
     </span>
     <span class='ocr_line' id='line_1_56' title="bbox 35 4630 1703 4744; baseline -0.019 -20"><span class='ocrx_word' id='word_1_651' title='bbox 35 4681 50 4724; x_wconf 79' lang='lat' dir='ltr'>t</span> <span class='ocrx_word' id='word_1_652' title='bbox 119 4661 211 4709; x_wconf 83' lang='lat' dir='ltr'>aratu</span> <span class='ocrx_word' id='word_1_653' title='bbox 227 4641 310 4708; x_wconf 75' lang='lat' dir='ltr'>abac</span> <span class='ocrx_word' id='word_1_654' title='bbox 330 4645 593 4744; x_wconf 70' lang='lat' dir='ltr'>mandationem,</span> <span class='ocrx_word' id='word_1_655' title='bbox 614 4645 901 4728; x_wconf 78' lang='lat' dir='ltr'>(seupriorvolun-</span> <span class='ocrx_word' id='word_1_656' title='bbox 940 4647 1047 4713; x_wconf 89' lang='lat' dir='ltr'>taliter</span> <span class='ocrx_word' id='word_1_657' title='bbox 1069 4643 1334 4721; x_wconf 85' lang='lat' dir='ltr'>interrumpitur,</span> <span class='ocrx_word' id='word_1_658' title='bbox 1361 4635 1395 4702; x_wconf 73' lang='grc' dir='ltr'>ὰ</span> <span class='ocrx_word' id='word_1_659' title='bbox 1409 4632 1450 4699; x_wconf 82' lang='lat' dir='ltr'>stc</span> <span class='ocrx_word' id='word_1_660' title='bbox 1473 4649 1524 4698; x_wconf 86' lang='lat' dir='ltr'>rot</span> <span class='ocrx_word' id='word_1_661' title='bbox 1545 4630 1615 4697; x_wconf 88' lang='lat' dir='ltr'>sunt</span> <span class='ocrx_word' id='word_1_662' title='bbox 1636 4645 1703 4720; x_wconf 75' lang='lat' dir='ltr'>pte·</span> 
     </span>
     <span class='ocr_line' id='line_1_57' title="bbox 15 4709 1703 4818; baseline -0.015 -25"><span class='ocrx_word' id='word_1_663' title='bbox 15 4743 20 4818; x_wconf 75' lang='grc' dir='ltr'>Ι</span> <span class='ocrx_word' id='word_1_664' title='bbox 118 4741 174 4790; x_wconf 80' lang='lat' dir='ltr'>tae</span> <span class='ocrx_word' id='word_1_665' title='bbox 198 4737 457 4800; x_wconf 65' lang='lat' dir='ltr'>percontrarium</span> <span class='ocrx_word' id='word_1_666' title='bbox 476 4725 694 4805; x_wconf 84' lang='lat' dir='ltr'>voluntatem,</span> <span class='ocrx_word' id='word_1_667' title='bbox 708 4725 769 4794; x_wconf 69' lang='lat' dir='ltr'>-seu</span> <span class='ocrx_word' id='word_1_668' title='bbox 794 4746 902 4809; x_wconf 88' lang='lat' dir='ltr'>propo·</span> <span class='ocrx_word' id='word_1_669' title='bbox 939 4727 1030 4805; x_wconf 84' lang='lat' dir='ltr'>cata,</span> <span class='ocrx_word' id='word_1_670' title='bbox 1045 4743 1122 4804; x_wconf 82' lang='lat' dir='ltr'>quor</span> <span class='ocrx_word' id='word_1_671' title='bbox 1142 4723 1222 4790; x_wconf 78' lang='lat' dir='ltr'>adlata</span> <span class='ocrx_word' id='word_1_672' title='bbox 1239 4715 1415 4785; x_wconf 70' lang='lat' dir='ltr'>intellestut</span> <span class='ocrx_word' id='word_1_673' title='bbox 1432 4761 1442 4791; x_wconf 89' lang='lat'>,</span> <span class='ocrx_word' id='word_1_674' title='bbox 1457 4731 1512 4780; x_wconf 87' lang='lat' dir='ltr'>aut</span> <span class='ocrx_word' id='word_1_675' title='bbox 1529 4709 1703 4777; x_wconf 80' lang='lat' dir='ltr'>voluntaria</span> 
     </span>
     <span class='ocr_line' id='line_1_58' title="bbox 120 4789 1704 4932; baseline -0.009 -58"><span class='ocrx_word' id='word_1_676' title='bbox 120 4805 226 4874; x_wconf 82' lang='lat' dir='ltr'>strum</span> <span class='ocrx_word' id='word_1_677' title='bbox 249 4809 446 4886; x_wconf 86' lang='lat' dir='ltr'>revocatur)</span> <span class='ocrx_word' id='word_1_678' title='bbox 467 4807 518 4875; x_wconf 86' lang='lat' dir='ltr'>val</span> <span class='ocrx_word' id='word_1_679' title='bbox 547 4807 902 4889; x_wconf 65' lang='lat' dir='ltr'>propinatarum&amp;</span> <span class='ocrx_word' id='word_1_680' title='bbox 940 4823 1078 4890; x_wconf 85' lang='lat' dir='ltr'>ternpore</span> <span class='ocrx_word' id='word_1_681' title='bbox 1094 4805 1199 4882; x_wconf 87' lang='lat' dir='ltr'>aliquo</span> <span class='ocrx_word' id='word_1_682' title='bbox 1220 4791 1508 4866; x_wconf 60' lang='lat' dir='ltr'>interimilla&amp;</span> <span class='ocrx_word' id='word_1_683' title='bbox 1533 4789 1672 4932; x_wconf 53' lang='lat' dir='ltr'>lequitgff</span> <span class='ocrx_word' id='word_1_684' title='bbox 1694 4830 1704 4859; x_wconf 67' lang='lat'><em>2</em></span> 
     </span>
     <span class='ocr_line' id='line_1_59' title="bbox 1586 4887 1625 4948; baseline -0.026 -15"><span class='ocrx_word' id='word_1_685' title='bbox 1586 4887 1625 4948; x_wconf 89' lang='lat' dir='ltr'>qu</span> 
     </span>
    </p>
   </div>
   <div class='ocr_carea' id='block_1_3' title="bbox 0 0 2048 5460">
    <p class='ocr_par' dir='ltr' id='par_1_3' title="bbox 0 0 2048 5460">
     <span class='ocr_line' id='line_1_60' title="bbox 0 0 2048 5460; baseline 0 0"><span class='ocrx_word' id='word_1_686' title='bbox 0 0 2048 5460; x_wconf 95' lang='lat' dir='ltr'> </span> 
     </span>
    </p>
   </div>
  </div>
 </body>
</html>
