4058 5460
349 251 422 325 340
602 229 940 303 ‘rinei-irus
980 251 1036 300 oc
1078 229 1348 300 Pac'crris
1379 225 1588 300 Cunlll.

299 329 395 407 dant,
415 329 566 395 ucetiam
587 326 669 391 nuda
686 328 776 390 ubera
797 324 973 402 oslentent;
993 345 1062 389 cum
1096 326 1262 467 plurimum
1290 341 1425 388 ementes
1457 343 1586 388 utantur
1613 321 1648 388 ad
1661 322 1856 406 ·lalciviani;

300 410 373 474 talis
397 407 502 474 abusus
530 407 691 470 damnetur
720 424 755 470 ut
780 405 902 468 lethalis
930 411 1062 466 etiams
1108 404 1192 468 olum
1211 417 1287 465 vero
1309 405 1490 473 venialiter,
1513 402 1533 465 si
1555 421 1625 468 euni
1646 403 1861 480 vendantperss

300 489 329 552 S.
356 490 541 554 Antonino.
563 485 700 566 ldtirto,
719 503 787 562 quae
811 489 841 545 in
858 485 912 546 tali
936 481 988 545 usis
1016 486 1062 545 vi·
1096 482 1176 548 sonis
1190 532 1197 560 ,
1213 489 1288 556 'quas
1308 481 1428 545 conslat
1450 479 1551 546 usuras
1571 484 1632 546 esse
1662 482 1769 546 eodem
1796 505 1858 550 non

300 585 435 643 xerunt,
455 563 568 642 semper
590 567 697 628 visteru
724 562 1009 637 ‘'inletlraliculpa3
1028 581 1062 624 ae
1098 567 1128 626 in
1146 561 1235 624 linem
1253 560 1409 624 moraliter
1426 563 1558 638 malum;
1581 563 1615 626 δι
1631 561 1862 628 nullatenucse·

244 721 247 727 ¹
299 647 426 724 proinde
446 643 802 710 nnllecensendeunt
823 661 927 704 earum
949 637 1063 704 conl'es·
1096 639 1406 726 cundumSylvium‚
1426 639 1600 704 liiislolum
1618 642 1696 703 vend
1741 659 1770 718 t,
1792 665 1862 718 quae

296 725 416 803 sionei,
437 745 509 788 cum
526 723 634 787 saltem
648 722 831 797 deliquerint
853 724 883 781 in
899 720 1062 781 intollera·
1096 741 1133 784 eo
1154 719 1251 784 ul'urae
1281 720 1349 782 lunt
1370 719 1527 782 dumtaxat
1554 721 1590 782 ad
1612 735 1680 799 tege
1723 739 1770 784 arn
1792 741 1860 787 tur·

299 806 354 870 bili
379 807 546 870 vanitates
577 802 655 867 ltem
685 799 939 879 reprebendendae
967 797 1062 874 suut,
1087 800 1286 882 'pitudinenu

299 905 366 963 quae
385 900 497 964 gerunt
515 882 639 946 brachia
658 882 747 941 nimis
768 879 902 942 nudata.
994 894 1001 906 ·
1137 879 1313 951 Mulieres,
1343 897 1411 952 quae
1436 877 1497 940 sine
1522 877 1681 952 scandalo,
1701 877 1735 942 dt
1762 899 1857 955 prava

338 965 497 1042 Colligitur
514 981 543 1024 a.
568 961 703 1039 graviter
723 977 780 1041 eos·
792 957 964 1031 delinquere
985 1005 991 1031 ,
1013 957 1062 1030 qui
1098 959 1272 1021 intentione
1289 975 1418 1020 utuntur
1437 957 1559 1031 Capillis
1580 954 1791 1034 supposititiis,
1815 961 1862 1021 ait

298 1043 455 1120 pidluras,
476 1043 646 1120 imagines,
667 1036 833 1110 slatualque
856 1036 1011 1101 oblcoerm
1023 1032 1052 1095 s
1098 1037 1220 1116 Sylvius
1238 1036 1355 1098 nullum
1376 1040 1569 1104 committere
1583 1053 1757 1113 peccatum,
1775 1035 1793 1096 li
1812 1036 1859 1097 so-

297 1125 413 1198 ciunt,
443 1135 630 1194 exponunt,
657 1132 713 1179 aut
742 1121 903 1178 intuentur
925 1163 933 1192 ,
962 1117 1064 1191 prirci-
1099 1115 1251 1178 lummodo
1264 1115 1321 1176 illis
1338 1129 1471 1178 urantur
1489 1117 1525 1181 ad
1541 1111 1862 1188 ornatum,nonseciis

298 1199 495 1277 puequando
516 1201 562 1260 hae
583 1191 803 1270 repraesentant
825 1193 963 1268 personas
978 1210 1051 1271 gran
1101 1195 1264 1258 ac'utimur
1282 1195 1369 1268 lana,
1390 1195 1454 1256 lino
1474 1193 1532 1259 dcc.
1553 1193 1586 1260 dt
1609 1193 1712 1258 solum
1735 1195 1862 1257 veniali·

299 1281 419 1354 diocese
441 1281 536 1352 qiiia,
557 1293 591 1338 ut
609 1279 669 1336 iarn
688 1276 780 1338 toties
802 1269 909 1336 didiuni
931 1271 993 1346 eil,
1011 1276 1064 1332 im·
1101 1291 1172 1348 ter,
1203 1271 1222 1332 si
1253 1272 1371 1351 fingant
1400 1270 1461 1336 else
1486 1276 1650 1350 proprios,
1684 1273 1863 1349 nullamque

298 1361 395 1421 minet
416 1375 509 1434 grave
540 1355 705 1428 periculum
726 1371 865 1416 venerea
893 1351 1066 1436 deleiiario·
1101 1353 1190 1414 uli-am
1208 1369 1325 1430 ponant
1343 1362 1469 1427 pravum
1489 1352 1765 1418 circ‘umslantiam.

299 1437 366 1500 nis.
388 1435 478 1498 Unde
496 1430 644 1499 absolutio
666 1431 840 1508 deneganda
860 1429 903 1493 est
933 1430 1010 1492 bili-e
1032 1451 1064 1490 o·
1139 1431 1168 1491 Si
1189 1432 1329 1494 mulieres
1346 1448 1474 1493 utantur
1491 1431 1573 1494 velle
1591 1432 1694 1508 virili,
1713 1433 1747 1496 dt
1764 1429 1862 1494 homi·

299 1514 435 1588 mnibus,
455 1517 505 1590 qui
527 1509 681 1588 praediilis
702 1513 862 1592 imagines,
883 1511 933 1574 vel
953 1508 1065 1571 llatuis
1101 1527 1152 1572 nes
1173 1510 1311 1574 muliebri
1334 1508 1395 1572 sine
1418 1508 1611 1586 necessitate,
1630 1511 1727 1586 qualis
1743 1511 1814 1572 eslet
1831 1509 1863 1569 le

300 1599 351 1673 pin
372 1611 449 1670 unt,
469 1591 630 1670 vendunt,
647 1593 806 1664 retinent,
827 1585 881 1650 nisi
897 1607 947 1650 eas
964 1587 1062 1650 adiro
1100 1588 1272 1650 occultandi
1295 1589 1330 1652 ab
1346 1587 1496 1666 boslibu's,
1522 1591 1572 1652 vel
1595 1586 1787 1652 obdefesium
1815 1590 1863 1650 al·

299 1617 449 1736 nesiatern
465 1675 511 1734 lta
529 1665 773 1746 composuerint,
797 1684 830 1731 ut
850 1666 886 1729 ad
908 1667 1064 1741 prislinrun
1101 1670 1195 1729 terius
1212 1667 1406 1744 vellimenti,
1429 1669 1477 1732 vel
1495 1685 1619 1744 propter
1641 1664 1864 1731 aliudeiusino·

300 1751 412 1815 ilatum
428 1751 527 1814 reduci
545 1765 718 1824 nequeant.
741 1747 818 1810 ltein
840 1747 960 1810 arcendi
994 1743 1063 1806 sunt
1100 1743 1210 1820 di,ell
1233 1745 1349 1822 semper
1370 1744 1531 1814 vitiosum.
1553 1747 1583 1808 Si
1612 1766 1713 1810 tanim
1741 1743 1797 1808 fiat
1821 1763 1863 1806 ex
1899 1767 1906 1781 ·

300 1830 536 1894 abactamcntis
555 1827 707 1899 Piilores,
726 1829 775 1902 qui
798 1843 833 1888 ut
862 1837 960 1888 arrer'n
981 1822 1065 1885 suam
1101 1821 1159 1888 sola
1184 1825 1344 1903 levitate,
1374 1825 1446 1890 idesl
1468 1821 1529 1889 sine
1554 1825 1718 1900 scandalo,
1747 1823 1781 1888 ἀ
1799 1823 1865 1886 ulla

298 1905 456 1984 ediscant,
483 1907 642 1970 mulierem
661 1905 757 1968 oeulis
786 1904 843 1966 suis
868 1903 1035 1980 expositam
1059 1953 1065 1978 ,
1101 1923 1194 1980 praui
1217 1905 1406 1982 intentione,
1428 1905 1460 1969 &
1486 1902 1620 1978 periculo
1636 1903 1787 1976 libidinis,
1814 1901 1866 1962 le·

299 1984 351 2050 lua
371 1985 493 2062 quisque
509 2005 549 2048 ert
569 2001 655 2060 patre
675 1984 849 2048 delineunt.
1101 1981 1232 2044 tundirin
1248 1982 1390 2062 Sylvium
1410 1985 1452 2048 esl
1471 1986 1564 2050 solum
1587 1983 1726 2056 veniale,·
1745 1994 1866 2044 morta·

339 2066 389 2126 Ne
414 2083 519 2128 tamen
544 2063 621 2127 dieta
643 2065 725 2126 circa
754 2059 903 2142 aspeilum
932 2060 1065 2124 mulieris
1102 2062 1129 2122 le
1152 2081 1226 2123 vero
1248 2060 1269 2122 ii
1293 2060 1327 2123 sit
1353 2067 1486 2128 intentio
1508 2062 1570 2141 ,dc
1587 2060 1752 2141 periculum
1773 2059 1866 2130 luxu·

300 2142 454 2219 scrupulos
483 2145 514 2206 in
534 2141 899 2220 erat,advertendum,
927 2141 943 2202 lt
975 2163 991 2203 c
1021 2143 1065 2202 in·
1103 2141 1176 2213 riae,
1198 2137 1259 2204 sive
1276 2142 1410 2206 notabile
1428 2142 1618 2207 scandalum.
1650 2141 1741 2214 Quod
1767 2135 1787 2200 fi
1810 2157 1868 2200 ve·

301 2222 467 2300 telligenda
486 2163 546 2284 elie
566 2219 604 2282 de
624 2217 742 2296 aspedlu
762 2219 881 2283 moroso
897 2217 945 2283 aff
988 2239 1067 2294 aro,
1103 2218 1190 2279 ilium
1211 2223 1377 2283 mutationi
1405 2223 1528 2286 aceedit
1557 2221 1651 2284 larvae
1674 2217 1862 2296 assumptio,

301 2301 334 2364 dt
357 2321 427 2366 oum
449 2319 543 2375 prava
566 2301 761 2376 intentione,
782 2316 841 2360 non
854 2300 976 2361 verode
987 2297 1065 2368 alpe·
1104 2293 1264 2359 secundum
1283 2297 1520 2364 Tournelleium
1541 2321 1611 2363 cum
1626 2299 1777 2362 communi
1808 2315 1864 2356 ne-

299 2382 350 2444 diu
370 2379 526 2453 naturali,
546 2377 579 2442 dt
612 2397 685 2454 pura
708 2381 901 2454 intentione,
922 2377 993 2440 dum
1010 2373 1066 2440 sor·
1102 2371 1308 2451 quirercnsari
1324 2383 1436 2455 agravi
1454 2397 1597 2456 porceto,
1617 2383 1689 2453 quia
1706 2373 1865 2440 secundum

302 2462 386 2523 tuito
405 2477 457 2534 por
479 2456 593 2532 plateas
614 2455 722 2518 aliisue
738 2459 769 2517 in
785 2455 865 2518 locis
881 2472 1065 2532 occiirrant;
1102 2471 1290 2518 communem
1314 2458 1382 2520 talis
1404 2460 1535 2521 mutario
1556 2453 1686 2530 sellium
1705 2475 1774 2520 cum
1805 2454 1866 2520 lar·

285 2540 388 2600 'sicuti
410 2541 507 2600 etiam
524 2537 577 2598 tali
600 2535 688 2599 modo
709 2555 770 2596 non
789 2532 831 2596 eli
853 2533 997 2608 illicitum
1015 2553 1068 2598 eas
1104 2553 1143 2596 va
1160 2531 1202 2595 ell
1224 2535 1314 2596 valde
1330 2541 1448 2613 gratiis.
1848 2577 1855 2585 -

302 2617 435 2702 allocuti,
455 2617 499 2679 ita
517 2631 629 2680 utnon
651 2631 796 2678 teneatur
821 2613 973 2676 secularis
1001 2631 1069 2694 perf
1141 2611 1228 2675 Circa
1252 2611 1658 2692 vellimeiirasoeminarum,
1678 2612 1866 2686 notandum,

301 2699 372 2758 loni
394 2697 544 2772 praecipue
561 2693 699 2756 incedere
718 2692 816 2757 oculis
831 2687 977 2768 demissis,
997 2693 1067 2779 dum
1101 2692 1182 2767 quod
1213 2694 1354 2756 mulieres
1382 2695 1546 2759 vallientes
1584 2695 1786 2766 inordinare,
1812 2689 1867 2750 seu

301 2777 342 2838 ei·
364 2775 466 2850 aliqua
486 2775 597 2836 mulier
627 2776 765 2836 occurrit
794 2793 831 2835 ne
857 2789 927 2835 eain
950 2773 1068 2845 conlpi·
1100 2787 1212 2834 contra
1242 2791 1356 2838 morem
1376 2777 1506 2852 Patriae,
1530 2773 1582 2838 vel
1611 2771 1697 2850 supra
1717 2769 1868 2836 conditio·

302 2855 385 2930 cist3
406 2854 499 2916 inimo
514 2868 608 2916 tanta
628 2855 797 2926 praecautio
821 2849 935 2914 obesset
968 2855 1067 2928 potius
1103 2869 1173 2912 neni
1194 2849 1309 2928 statiis,
1329 2853 1379 2915 seu
1397 2872 1520 2932 propter
1541 2852 1701 2916 mollitiem
1734 2849 1769 2916 er
1794 2849 1868 2910 deli·

301 2952 391 3008 quatri
407 2930 577 3007 prodesset,
593 2931 626 2996 dt
648 2927 765 2994 facilius
784 2935 973 2994 tentationes
983 2929 1057 2994 caus
1061 2971 1067 2982 ·
1102 2932 1183 3005 cias,
1204 2930 1288 3004 plus,
1312 2933 1456 2996 minusve
1483 2951 1626 3009 peccant,
1655 2945 1742 3007 prout
1776 2927 1868 3003 plus,

303 3011 458 3078 serentur.
1103 3027 1168 3100 aur
1185 3011 1286 3102 minus
1308 3011 1454 3101 recedunt
1475 3011 1511 3075 ab
1539 3010 1663 3074 ordine.
1687 3009 1725 3072 Et
1750 3023 1870 3098 certum

515 3135 561 3192 oe
709 3121 859 3188 ,nn
1103 3086 1872 3244 tidissiluisse{iilisdissilui

342 3241 599 3332 Mulieres,oun
624 3240 693 3332 suco
714 3257 863 3316 utuntur,
883 3240 1070 3324 utrubirun·
1104 3243 1228 3321 August.
1256 3245 1275 3306 l.
1309 3262 1333 3324 3.
1360 3243 1519 3312 Confessio.
1549 3268 1614 3325 cap.
1646 3216 1803 3320 8.'Turp1'5
1818 3225 1871 3316 *ess

302 3319 427 3397 diores,
456 3320 504 3384 vel
539 3321 726 3384 candidiores
754 3337 942 3396 appareant,
971 3318 1006 3384 dt
1025 3318 1067 3383 esl
1102 3324 1196 3386 omisis
1216 3341 1284 3402 pars
1305 3325 1442 3407 universo
1462 3329 1515 3408 luo
1538 3345 1773 3406 mucongriirirs.
1795 3316 1874 3385 lna.

302 3400 474 3465 adulterina
501 3395 652 3476 sallitis,
681 3419 741 3462 non
769 3397 886 3475 semper
911 3398 1069 3462 lethaliter
1102 3405 1172 3478 utria
1203 3423 1270 3478 qiioe
1299 3404 1389 3482 lupra
1415 3403 1497 3470 suam
1524 3405 1731 3471 conditionem
1759 3396 1875 3466 vellite

303 3495 453 3552 peccant,
474 3475 520 3542 sed
537 3481 659 3554 quando
676 3479 732 3542 lint
754 3474 851 3540 solurn
867 3477 921 3542 liat
947 3496 1069 3554 propter
1104 3481 1263 3560 ambiunt,
1283 3489 1513 3550 convincuntur
1530 3489 1697 3561 vanitatis,
1717 3480 1750 3548 dt
1767 3479 1874 3557 super·

304 3553 486 3635 lasciviant,
510 3559 559 3622 vel
584 3561 615 3622 in
636 3558 694 3620 Dei
718 3571 947 3632 contemptum.
973 3557 1070 3620 lutrio
1103 3561 1184 3623 biae.
1214 3561 1250 3624 ln
1273 3577 1300 3641 3.
1324 3565 1469 3642 tandem;
1493 3568 1560 3638 quia
1589 3565 1798 3629 inordinatum
1826 3555 1875 3620 est

304 3635 469 3725 secuudum
491 3636 530 3699 D·
550 3635 703 3702 Thomam
729 3655 826 3710 nenne
856 3635 877 3697 si
904 3635 963 3700 hoc
984 3633 1066 3712 fiir,
1102 3642 1418 3719 concludendas,
1441 3646 1517 3720 quod
1541 3643 1776 3719 poenapeccati
1801 3635 1875 3714 esi,

303 3725 367 3780 lion
386 3715 611 3796 adiungendam
633 3715 890 3792 pulcritudinem,
909 3715 989 3790 quod
1010 3715 1068 3778 sal·
1104 3736 1139 3782 ut
1162 3719 1251 3782 vellis
1266 3769 1275 3796 ,
1290 3741 1357 3794 quac
1378 3721 1445 3784 ideo
1458 3726 1521 3786 eius
1541 3726 1719 3786 memoriam
1737 3724 1873 3782 innova·

304 3811 369 3860 tem
392 3795 437 3858 eli
463 3795 609 3870 veniale,
633 3793 680 3859 sed
706 3793 742 3858 ad
768 3792 986 3858 occultandam
1015 3797 1070 3858 ali·
1104 3817 1136 3861 re
1159 3797 1267 3862 debet:
1287 3799 1321 3864 dc
1351 3804 1383 3864 in
1417 3801 1469 3863 tali
1500 3802 1589 3864 abusu
1623 3821 1685 3865 non
1713 3795 1793 3862 deesi
1817 3795 1875 3858 eli·

304 3895 396 3964 quam
417 3875 658 3953 turpitudinem,
679 3876 914 3964 provenientem
934 3889 1010 3952 puta
1029 3890 1069 3936 ex
1105 3879 1225 3953 quando
1246 3881 1341 3942 etiam
1360 3881 1451 3958 eulpa
1466 3881 1607 3946 monilis
1621 3927 1628 3956 ,
1644 3897 1680 3944 ut
1697 3871 1876 3943 cuiusormu

252 3999 254 4004 ,
304 3955 503 4042 aptitudine,
526 3954 577 4017 vel
599 3952 715 4018 abella
742 3949 829 4013 simili
854 3953 976 4028 ceolla,
998 3957 1069 4029 qnia
1107 3955 1196 4026 vellis
1217 3955 1261 4020 est
1283 3973 1353 4034 apta
1376 3959 1411 4021 ad
1431 3960 1627 4036 excitandam
1645 3951 1873 4031 libidinem‚&

306 4045 417 4124 tit-ait¹
435 4031 580 4114 Sylvius,
606 4027 727 4096 nonest
748 4049 909 4107 precatum
933 4030 1071 4097 adhibito
1103 4052 1140 4098 eo
1160 4039 1254 4116 magis
1271 4035 1290 4097 si
1315 4038 1350 4100 ad
1371 4038 1449 4101 bunc
1467 4037 1558 4105 linem
1581 4039 1691 4108 mulier
1708 4035 1738 4100 se
1755 4049 1848 4099 omet
1869 4077 1880 4108 ,

305 4111 441 4175 mihtin
463 4110 688 4186 turpitudinem
704 4125 830 4189 tegere,
845 4113 983 4187 quamvis
1002 4132 1070 4186 pec·
1106 4111 1176 4185 idesl
1199 4133 1234 4180 ut
1252 4115 1354 4180 eliciat
1377 4123 1457 4181 viros
1474 4122 1505 4180 in
1524 4116 1565 4182 sui
1578 4113 1878 4194 concupiscentiam.

305 4199 409 4254 titum
426 4182 463 4254 sit
488 4190 722 4267 pulcritudinem
747 4188 906 4270 simulare.
932 4189 963 4251 Si
996 4211 1071 4256 vero
1107 4191 1223 4258 itemst
1251 4211 1341 4259 tanta
1361 4193 1397 4259 sit
1425 4194 1552 4262 vestium
1577 4193 1811 4271 sumptuositas,
1840 4207 1879 4252 ut

306 4270 362 4334 boc
376 4269 468 4334 iaciat
480 4269 642 4334 molietur
659 4271 780 4346 placeat
797 4272 928 4348 marito,
943 4267 1072 4347 &pisel-
1107 4287 1231 4351 proptet
1243 4293 1332 4352 eam,
1354 4274 1407 4340 vel
1425 4275 1527 4339 debita
1545 4295 1606 4338 non
1623 4271 1809 4347 solvantur,
1824 4269 1882 4335 vel

308 4348 338 4412 la
355 4347 468 4413 amasio
482 4370 553 4413 cum
571 4349 752 4427 quoagitde
773 4349 905 4412 ineundo
914 4353 1072 4414 matrimo-
1109 4373 1169 4415 non
1191 4351 1388 4418 restituantur
1407 4375 1475 4430 quae
1496 4353 1565 4419 sunt
1588 4352 1795 4428 resliruendt,
1826 4349 1883 4412 vel

307 4425 1071 4508 iiio,hascetuncnonpectarecenl'entaliqui,·sed
1110 4433 1167 4495 alia
1190 4434 1220 4494 in
1242 4430 1357 4496 familia
1383 4439 1539 4508 pariantur
1563 4432 1773 4499 inconmoda.
1792 4429 1887 4504 Qua·

307 4507 337 4570 S.
350 4505 482 4572 Thomas
500 4511 634 4585 limitat,
650 4507 771 4584 quando
786 4505 883 4570 solum
907 4525 1018 4584 agatur
1036 4508 1073 4572 de
1111 4529 1142 4574 re
1161 4510 1222 4574 siu
1238 4513 1294 4575 tali
1314 4511 1466 4589 superfluo
1483 4529 1597 4578 ornatu
1615 4511 1884 4576 mulietseeinen·

308 4585 493 4650 retrahendo
509 4589 668 4670 maritoab
690 4586 857 4652 adulterio.
880 4583 969 4649 Unde
978 4587 1072 4663 seqrii·
1110 4591 1179 4654 clare
1200 4589 1343 4668 recuset,
1364 4591 1425 4655 fine
1443 4591 1634 4658 absolutione
1656 4589 1699 4656 esi
1719 4591 1887 4654 dimitten-

309 4667 685 4754 tur,peccareltrbaliter
694 4665 867 4739 venditores
876 4660 960 4742 suci,
980 4686 1073 4742 qnan-
1111 4669 1168 4750 da,
1188 4669 1306 4734 etiamsi
1327 4670 1484 4750 dubitetur
1501 4693 1574 4736 nuni
1590 4673 1767 4752 mortaliter
1783 4671 1888 4737 realit

307 4743 347 4812 ilo
363 4740 466 4810 sucum
484 4745 748 4815 indilcriroinsrim
770 4745 929 4824 vendunt,
949 4759 1019 4819 tuus
1039 4764 1074 4815 or
1114 4750 1161 4816 sel
1173 4752 1357 4834 venialitcr3
1379 4756 1450 4833 quia
1462 4755 1494 4822 in
1508 4751 1889 4893 dubiodemortalissnro

427 4883 429 4888 .
1625 4867 1629 4876 ·
1787 4851 1851 4912 ipo
