4030 5456
414 263 584 346 Tanta.
614 291 669 356 ne
701 269 890 351 acrinus
915 277 1131 352 Humanis
1159 279 1261 354 Car.
1290 279 1334 352 ll.
1560 281 1604 362 61

154 375 233 442 Finit
248 369 342 449 igitur
362 373 481 452 proprie
497 369 591 436 dislus
606 370 701 438 habet
716 375 867 439 rationem
903 374 1075 442 sentialiter
1094 376 1191 442 malus
1209 397 1249 442 ex
1266 377 1387 456 proprio
1399 379 1557 452 iniustitiae
1577 388 1659 453 oble·

120 475 176 524 non
194 451 292 520 solum
315 450 432 532 causant
453 453 526 528 quia
547 451 676 530 impellit
704 453 738 518 dt
757 473 864 520 movet
900 453 973 533 ἂος
1003 455 1232 522 accidentaliter
1259 477 1365 523 autem
1390 479 1430 524 ex
1450 461 1531 546 line,
1547 485 1654 548 nempe

119 531 380 611 adoperandum(
401 531 440 598 stc
455 532 570 596 sanitas
584 549 693 610 optata
710 551 745 596 ac
764 536 865 599 inren·
899 557 939 601 err
966 535 1118 618 adulterio
1145 556 1184 600 tx
1207 539 1297 604 cuius
1326 541 1499 607 intentione
1527 547 1656 624 impera·

116 632 145 681 ta
164 627 271 679 movet
290 611 327 678 ad
346 613 509 688 qttaerenda
524 609 558 677 dc
579 612 754 689 accipienda
768 631 865 678 reme·
901 634 972 681 tur:
997 613 1032 680 &
1047 614 1115 680 ideo
1129 613 1199 680 finis
1218 613 1352 695 respesiu
1368 619 1451 686 illius
1466 621 1509 692 est
1528 626 1655 694 circutu-

119 695 190 770 dia)
210 689 262 758 sed
284 693 379 758 etiam
403 695 547 768 termini;
568 695 661 770 quia,
682 689 745 756 fine
763 692 864 758 conse·
899 695 1029 761 llantia.

118 791 203 852 tuto,
226 789 322 851 agent
339 771 434 836 cellar
454 774 575 848 operari
594 774 676 836 circa
691 769 803 836 finem.
824 773 864 839 Et
936 775 1044 852 Qrare
1070 773 1191 841 bonitas
1210 772 1244 842 bt
1263 775 1381 843 malitia
1405 779 1524 848 asinum
1550 779 1656 854 buma'·

113 857 172 930 (ut
191 854 235 920 ait
257 853 294 915 l).
314 852 450 918 Thomas
473 871 499 914 r.
518 869 546 913 a.
567 851 664 994 «καί.
687 871 714 914 r.
730 865 786 916 ert.
806 856 862 934 3.)
898 875 1009 920 norum
1036 852 1222 934 potissimum
1242 875 1282 920 ex
1306 855 1370 922 fine
1395 863 1562 942 repetenda
1584 865 1651 946 est;

115 933 192 1000 idad
211 932 293 1012 quod
317 936 505 999 terminatur
529 929 610 996 attus
652 949 797 1010 omanus,
820 929 863 998 est
896 955 1021 1000 rumex
1036 933 1122 998 diliis
1137 934 1217 1000 allio
1236 934 1439 1006 idcirtobona
1460 939 1496 1006 stt
1517 944 1569 1010 vel
1589 965 1654 1012 ma-

113 1013 139 1077 id
156 1011 234 1092 quod
257 1011 403 1078 voluntat
420 1009 556 1076 intendit
577 1030 733 1089 tamquam
749 1012 861 1076 finem.
898 1015 928 1080 la
943 1015 1120 1090 moraliter,
1135 1031 1283 1091 quatenus
1299 1015 1343 1080 ell
1359 1017 1527 1086 deliberate
1542 1023 1653 1088 volun·

28 1111 102 1165 tralatu
146 1093 311 1170 Quomodo
331 1091 511 1169 verolinit,
531 1093 582 1168 qui
602 1094 662 1156 iam
685 1109 864 1158 numeratur
898 1098 995 1161 tatia:
1025 1093 1060 1162 dc
1078 1099 1212 1160 maxime
1234 1113 1276 1158 ex
1301 1097 1363 1161 line
1383 1097 1427 1164 est
1456 1102 1651 1182 voluntaria;

27 1177 188 1240 rtur-inter
221 1171 465 1240 circumstantias
504 1169 628 1238 atluum
663 1170 863 1236 bumanouun
896 1177 967 1252 quia
987 1173 1058 1240 finis
1073 1176 1230 1254 appetitur
1249 1193 1372 1254 propter
1388 1179 1434 1257 se,
1454 1196 1559 1247 cetera
1576 1203 1653 1248 vero

28 1241 76 1292 Μ
110 1257 214 1334 (cum
243 1255 282 1318 de
310 1253 371 1318 fine
393 1247 567 1317 extrinseco
595 1249 643 1314 hic
667 1250 806 1328 agatur)
826 1249 863 1314 stt
897 1269 1020 1331 propter
1036 1253 1148 1334 ipsum.
1172 1253 1300 1332 Propter
1334 1258 1392 1322 uod
1413 1279 1518 1325 autem
1544 1281 1654 1328 unum-

28 1307 67 1414 ᾖξ’
81 1321 99 1356 ⁰'
111 1338 203 1413 prima
228 1355 335 1400 eorum
354 1332 476 1398 caussa:
497 1348 534 1393 ut
551 1347 600 1423 ,rer
619 1328 730 1424 clarius
751 1328 863 1424 intelli·
897 1332 1036 1476 quodpue
1052 1332 1134 1408 tale,
1148 1331 1183 1399 dt
1200 1333 1277 1398 illud
1296 1277 1339 1399 esi
1355 1342 1448 1420 magia
1469 1339 1653 1420 tale‚aiunt

28 1431 83 1481 urla.
109 1431 215 1495 gatut,
236 1405 436 1501 distinguendi
464 1407 580 1472 suntin
600 1425 640 1471 eo
655 1429 704 1484 qur
729 1406 862 1473 formali·
896 1411 981 1478 Philo
994 1409 1080 1490 upbi·
1097 1411 1266 1492 Namquod
1283 1433 1405 1484 amatur
1417 1437 1540 1498 propter
1557 1420 1640 1487 eliud

108 1511 154 1560 ter
174 1499 241 1575 agit
258 1511 384 1572 propter
399 1493 512 1566 bnon,
535 1487 597 1553 duo
615 1483 734 1554 adluum
758 1488 861 1554 huma·
897 1495 942 1557 ait
967 1493 995 1556 S.
1013 1489 1217 1571 Augustinus,
1245 1513 1307 1559 non
1334 1495 1409 1564 illud
1430 1519 1574 1580 amatur,
1601 1469 1653 1566 sed

104 1595 214 1640 norum
241 1591 351 1654 genera
363 1589 376 1631 .·
396 1567 538 1634 Alterum
556 1585 665 1632 eorum
685 1570 735 1646 qui
756 1568 864 1634 dicun-
897 1571 979 1638 aliud
997 1571 1214 1652 propterquod
1235 1589 1370 1640 amatur:
1396 1596 1469 1656 puta
1490 1583 1576 1659 potio
1591 1601 1654 1645 me·

101 1669 153 1718 tur
174 1657 381 1729 imperantem
401 1647 435 1714 dt
451 1643 518 1712 sunt
541 1648 631 1712 iidem
652 1646 787 1713 acasius
806 1649 861 1714 eli·
896 1651 963 1718 dita
982 1673 1043 1718 non
1061 1667 1202 1730 amatur,
1220 1650 1268 1716 led
1284 1650 1397 1722 sanitas
1418 1677 1541 1740 propter
1560 1679 1654 1740 quant

98 1736 180 1810 citi,
206 1731 245 1796 de
265 1729 371 1876 grillius
399 1731 459 1792 iam
484 1744 596 1806 antea,
616 1747 726 1806 nempe
750 1727 860 1795 efficax
897 1735 984 1811 potio
1004 1753 1109 1798 amara
1126 1727 1273 1806 sumitur.

100 1812 243 1876 intentio
326 1807 502 1876 defiderium
524 1807 612 1886 ipsius
642 1811 760 1889 agentis
783 1811 860 1875 obti-

100 1888 191 1954 nendi
220 1887 337 1956 finem.-
363 1889 496 1954 alterum
512 1909 618 1954 eorum
634 1893 684 1967 qui
706 1908 860 1956 vocantur
1214 1899 1238 1963 s.
1280 1893 1331 1961 11.

101 1965 859 2129 :aaranlt.tuddullatirus
989 2015 1035 2076 »e
1049 2006 1158 2090 ...n
1175 2011 1559 2104 ...‚...........

101 2127 178 2194 allus
195 2129 396 2207 imperati-eli
420 2127 648 2195 circumstantia
673 2129 716 2193 illi
736 2129 860 2196 bonita-
1114 2088 1210 2160 ΜΗ
1225 2111 1314 2194 ΜΡ(
1331 2095 1419 2176 1⁹⁰²*ss
1429 2141 1437 2158 ·

102 2225 163 2273 tem
193 2209 331 2278 tribuens
360 2210 410 2274 vel
437 2209 589 2274 malitiam
617 2210 857 2288 accidentalem,·
931 2207 1018 2272 Finir
1046 2208 1166 2286 proprie
1184 2205 1280 2274 didius
1307 2209 1405 2288 potell
1430 2211 1504 2280 sumi
1520 2215 1651 2296 duplici-

102 2285 236 2367 respedlu
263 2310 339 2356 vero
368 2288 451 2354 allus
482 2292 658 2368 imperantis
687 2288 738 2355 seu
760 2289 857 2355 eliciti
895 2303 963 2352 ter:
995 2290 1028 2353 in
1055 2285 1122 2352 adiu
1150 2290 1264 2368 primo,
1292 2287 1383 2356 &in
1408 2291 1647 2362 auusecundo.

102 2365 141 2431 est
162 2371 270 2436 caussa
290 2371 410 2435 motiva
434 2369 479 2433 illi
498 2366 658 2436 conferens
682 2368 856 2436 bonitatem
893 2367 978 2433 Finis
998 2370 1030 2430 in
1048 2366 1116 2432 artu
1132 2367 1229 2446 primo
1247 2367 1291 2433 est
1308 2389 1355 2435 res
1372 2372 1434 2450 ipsa
1455 2395 1522 2452 quar
1543 2395 1654 2442 move-

101 2447 149 2512 rel
165 2451 318 2516 malitiam
333 2450 541 2516 ell'entialem.
559 2451 622 2526 Qui
640 2469 670 2515 v.
690 2449 858 2530 g.largitur
894 2467 927 2512 re
954 2446 1051 2526 potest
1073 2447 1111 2514 ad
1131 2468 1148 2513 a
1168 2447 1299 2514 endum.
1325 2451 1435 2518 Virtus
1461 2471 1568 2522 autem
1588 2473 1653 2520 mo·

100 2526 328 2616 eleemosynam
360 2531 397 2595 ad
432 2528 628 2595 obtinendam
657 2529 858 2595 remiffionem
896 2527 989 2594 vendi
1017 2526 1062 2592 cll
1084 2469 1215 2594 eiusdem
1246 2534 1290 2594 rei
1308 2529 1432 2598 bonitas
1438 2581 1450 2614 ,
1474 2531 1538 2599 stre
1559 2551 1633 2602 vera

101 2627 325 2689 peccatorum,
354 2611 429 2680 duos
457 2611 541 2674 elicit
569 2607 668 2674 ailus.
697 2608 788 2677 Alter
816 2607 857 2674 ell
893 2605 958 2672 save
981 2625 1126 2686 apparent
1157 2635 1167 2672 .-
1206 2609 1363 2675 intantnm
1391 2615 1474 2676 enim
1499 2612 1596 2680 allicit
1619 2583 1656 2682 ἄ

99 2687 857 2842 {liliaatillidiirritatius*
892 2703 1021 2828 ldis
1038 2683 1546 2848 *lllllll‘liltltblldai
1585 2692 1656 2838 ‘id'

849 2815 858 2843 l
951 2810 961 2841 5
1642 2817 1652 2838 ο

97 2844 260 2912 &caussa
279 2849 400 2910 motiva
420 2841 544 2908 huiusce
561 2843 641 2909 aliua
662 2843 705 2908 est
717 2861 859 2922 peccato·
895 2843 979 2908 Nam
1006 2843 1123 2907 malum
1183 2861 1253 2908 tout
1279 2847 1395 2909 malum
1414 2867 1561 2928 apparet,
1587 2851 1655 2915 alli-

98 2945 166 2991 rum
184 2922 321 2990 remiffio
339 2945 427 3002 quam
447 2941 537 3004 agens
556 2923 709 3018 intendit:
734 2945 771 2990 ae
811 2943 859 3018 ro·
895 2939 966 2986 cere
982 2865 1181 3000 nequit,sed
1191 2923 1290 3000 potiur
1305 2924 1456 3018 retranit:
1473 2932 1565 3004 quia,
1584 2931 1687 3005 proi¹

100 3006 168 3070 inde
187 3004 288 3069 alium
306 3004 390 3070 elicit
409 3002 525 3082 adium,
539 3025 589 3082 qur
612 3000 692 3068 adius
707 3003 752 3068 est
774 3008 858 3067 eicr·
895 3017 933 3066 ut
953 2997 1021 3066 tale
1039 3019 1186 3080 apparet,
1208 3021 1271 3066 non
1293 3019 1467 3084 appetitur,
1490 3005 1540 3070 sed
1563 3009 1652 3070 time·

99 3101 144 3150 rur
167 3105 187 3149 a
211 3087 334 3149 virtute
361 3086 554 3160 paenitentia
582 3103 623 3148 ex
651 3103 710 3161 qua
731 3080 858 3161 speciem
896 3100 968 3146 tur.
999 3078 1097 3161 Igitur
1115 3078 1184 3146 finis
1204 3084 1237 3144 in
1259 3078 1326 3147 adiu
1347 3085 1443 3159 primo
1469 3083 1513 3148 ell
1541 3084 1655 3154 bonum

97 3163 292 3228 ell'entialem
316 3163 466 3228 destrmit.
488 3163 579 3228 Alter
600 3181 679 3230 vero
702 3161 787 3228 adius
815 3161 858 3227 eli
894 3157 1002 3226 saltem
1018 3179 1165 3240 apparent
1185 3167 1313 3238 pro'pter
1326 3157 1356 3225 se
1377 3164 1555 3242 appetibile.

96 3241 208 3309 cletiro
227 3241 262 3308 &
282 3243 348 3308 elar
368 3246 425 3308 itio
444 3239 643 3324 eleemosyna
664 3245 816 3320 imperata
839 3261 858 3308 a
934 3239 1018 3305 Finis
1035 3244 1066 3304 in
1086 3239 1153 3306 adlu
1171 3239 1302 3306 sectando
1316 3239 1359 3305 ell
1374 3263 1421 3308 res
1437 3241 1579 3311 bonitate
1597 3243 1654 3312 sua

99 3321 288 3399 precedenti
322 3263 388 3387 adu
420 3325 643 3401 penitentiae:
664 3321 714 3388 hic
751 3340 858 3388 autem
895 3317 1006 3387 saltem
1023 3323 1181 3400 apparenti
1195 3319 1596 3416 adiu-illiciens,trahens‚
1616 3345 1654 3392 ae

102 3401 198 3482 adius,
230 3399 305 3468 idest
328 3402 451 3482 largitio
469 3399 859 3485 eelemosynae‚elicitura
894 3419 1038 3468 novena.
1065 3399 1253 3466 Caussalrtas
1274 3423 1339 3466 erus
1364 3399 1416 3468 seu
1444 3403 1579 3470 influxus
1607 3401 1654 3469 est

100 3485 221 3548 virtute
244 3478 457 3548 misericordia
496 3485 583 3546 cuitu
602 3483 756 3559 proprium
774 3481 858 3546 oble·
893 3483 993 3548 motio
1010 3479 1061 3546 seu
1084 3481 1271 3546 allicientia:
1291 3502 1362 3546 nam
1385 3482 1459 3548 illud
1475 3483 1519 3548 esi
1535 3483 1655 3550 caussa·

99 3559 173 3626 llum
196 3561 234 3630 dt
266 3565 419 3627 motivum
443 3529 486 3625 esi
513 3560 672 3626 sublevare
703 3557 857 3626 miseriam
896 3561 966 3624 litas
992 3559 1082 3634 finis,
1101 3579 1165 3638 quo
1226 3559 1589 3652 sato,intelligiturfinia
1617 3567 1653 3630 in

99 3661 286 3719 pauperum
307 3643 341 3708 dt
357 3663 396 3705 ert
418 3641 471 3706 illo
490 3637 743 3707 obiediobabetl
799 3644 858 3704 iem
895 3637 993 3705 aetum
1010 3637 1159 3716 influere,
1227 3657 1263 3704 ut
1279 3645 1324 3705 ita
1349 3643 1468 3722 dicam,
1489 3645 1654 3722 caussare,

97 3719 307 3788 essentialem.
330 3719 418 3786 Unde
433 3743 502 3786 curn
522 3719 711 3786 accidentale
742 3737 769 3784 rt
791 3719 858 3795 illl,
894 3717 927 3785 dt
958 3738 1019 3794 quo
1046 3715 1190 3795 sublato,
1217 3739 1279 3784 non
1303 3719 1436 3788 influit.
1468 3721 1559 3788 Unde
1583 3745 1654 3789 crau

98 3819 204 3881 nempe
223 3801 373 3880 elargitio
386 3797 517 3866 eleemos
536 3821 584 3866 nae
601 3821 670 3878 quae
692 3803 858 3877 imperetur
894 3819 978 3862 amor
997 3797 1032 3862 C<
1055 3797 1229 3864 desiderium
1250 3797 1321 3864 sanis
1341 3801 1378 3866 stt
1394 3805 1493 3868 motio
1512 3805 1544 3868 in
1564 3823 1655 3880 otram

100 3885 258 3949 avirtute
280 3882 497 3960 poenitentia,
567 3877 623 3945 fiat
641 3897 764 3959 propter
777 3878 857 3944 bunc
894 3877 1080 3956 intelligitur
1107 3875 1176 3942 finis
1204 3877 1270 3945 asiu
1295 3877 1440 3959 influere,
1471 3885 1501 3946 dt
1534 3880 1654 3949 sublata

100 3963 148 4026 vel
165 3965 266 4030 alium
281 3961 396 4024 finem:
413 3956 503 4036 fiatis,
520 3979 628 4034 nempe
644 3957 774 4024 remiffio
790 3978 857 4036 pec·
894 3957 950 4024 bac
971 3961 1111 4052 motione
1128 3963 1238 4024 amoris
1255 3981 1289 4024 ac
1305 3959 1453 4028 desiderio
1466 3965 1563 4043 finit,
1583 3961 1654 4027 finis

99 4060 259 4122 carorum,
287 4039 423 4119 taiperto
450 4039 537 4104 illiue
562 4035 605 4103 eil
634 4057 711 4104 vera
729 4042 856 4104 circum·
894 4058 954 4103 non
971 4037 1099 4112 amplior
1119 4037 1243 4114 influit,
1266 4038 1339 4104 idest
1356 4061 1419 4106 non
1436 4041 1553 4108 allicit:
1575 4042 1655 4114 sicu-

99 4119 211 4190 llantia
234 4140 297 4187 non
318 4120 456 4186 tribuens
475 4117 521 4182 illi
541 4117 596 4182 nist
615 4117 786 4184 bonitatem
809 4139 857 4182 ac·
894 4121 940 4196 ti,
956 4113 1072 4184 sublata
1092 4119 1168 4197 ignia
1184 4117 1321 4202 adlione,
1340 4117 1413 4186 idest
1432 4121 1655 4206 calesaslione,

98 4203 319 4270 tidentariam.
345 4200 489 4276 Idemque
508 4201 642 4264 occurrit
663 4199 695 4262 in
714 4195 781 4262 adiu
795 4217 858 4262 ma·
893 4199 970 4278 ignit
996 4195 1062 4260 ablu
1083 4217 1143 4263 non
1164 4202 1248 4279 agit,
1273 4219 1382 4280 nempe
1405 4221 1467 4266 non
1487 4197 1654 4284 calefacit,

100 4281 147 4361 lo,
172 4303 252 4362 puta
276 4284 308 4346 in
328 4277 413 4346 furto
431 4277 472 4344 ob
492 4276 675 4343 adulterium
703 4295 856 4355 perpetra·
893 4275 942 4342 led
957 4273 1000 4340 eli
1017 4293 1143 4342 tantum
1159 4281 1191 4342 in
1211 4283 1354 4358 potentia
1374 4280 1411 4346 ad
1433 4279 1580 4359 agendum
1600 4275 1656 4350 sen

97 4377 183 4426 turm.
215 4363 355 4430 lntentio
379 4357 517 4426 adulterii
545 4359 575 4422 in
595 4377 637 4422 eo
650 4357 701 4433 qul
717 4355 756 4422 src
776 4355 858 4424 sura·
891 4352 1148 4434 calefacienduma
1169 4357 1303 4437 sequitur
1321 4359 1400 4436 quod
1415 4362 1491 4436 ignis
1508 4355 1654 4424 caussali·

98 4457 172 4519 tur,
191 4442 236 4506 ell
254 4439 335 4507 allus
352 4439 497 4506 adulterii
519 4435 570 4504 seu
588 4440 857 4516 intemperantia,
894 4453 942 4502 tas
958 4436 996 4500 stt
1016 4441 1133 4517 utorio,
1148 4435 1201 4502 seu
1219 4458 1305 4506 amor
1320 4437 1353 4504 dt
1369 4436 1545 4502 desiderium
1560 4437 1653 4518 ipfius

98 4521 252 4600 imperans
273 4518 392 4588 furtum
411 4518 490 4597 quod
505 4515 548 4583 est
574 4515 654 4584 ailus
677 4513 855 4585 iniulliriar.
893 4515 964 4580 finis
984 4516 997 4595 (
1017 4531 1053 4582 ut
1074 4515 1111 4578 D.
1138 4517 1276 4582 Thomas
1295 4517 1392 4594 puell.
1422 4536 1514 4581 xrrr.
1536 4519 1571 4584 de
1594 4523 1653 4586 Vr-

98 4601 180 4666 Prior
208 4599 292 4668 attus
315 4605 365 4676 oui
386 4598 429 4666 eli
452 4603 625 4678 imperans,
643 4598 792 4663 malitiam
812 4593 856 4662 es·
893 4596 944 4662 til.
967 4607 1025 4660 erl.
1047 4615 1075 4659 a.
1093 4597 1105 4673 )
1125 4593 1214 4662 sicuti
1235 4591 1366 4659 influere
1387 4593 1496 4663 tauffae
1516 4597 1654 4666 efficien-

98 4676 262 4748 sentialem
281 4678 408 4746 desumit
429 4701 467 4744 ex
488 4673 639 4746 adulterio
662 4671 745 4754 quod
768 4675 857 4744 habet
895 4678 934 4742 tit
961 4673 1116 4756 ellegere
1177 4678 1223 4740 ita
1256 4673 1384 4742 influere
1411 4675 1521 4744 caussae
1549 4678 1655 4747 finalis

100 4763 255 4825 rationem
282 4759 351 4825 finis
376 4759 409 4826 &
434 4759 521 4837 primi
550 4761 724 4835 moventis,
754 4757 789 4824 dt
815 4754 858 4823 est
892 4747 936 4820 est
954 4757 1055 4834 appeti
1073 4753 1107 4821 dc
1124 4721 1303 4820 desiderari.
1324 4757 1418 4821 Porro
1436 4756 1487 4822 hie
1504 4759 1604 4898 agitur
1614 4759 1654 4831 de

100 4837 253 4908 obietlum
269 4840 349 4906 illius
371 4835 470 4908 aliur.
492 4836 643 4914 Polletior
662 4856 739 4908 vero
757 4835 801 4906 eu
816 4837 876 4910 el·,
896 4833 960 4908 siue
975 4833 1097 4918 sumpto
1111 4831 1277 4918 prasertim
1297 4837 1333 4902 in
1347 4836 1416 4906 adiu
1431 4831 1612 4984 [trunsum.
