4070 5460
390 295 415 344 x

339 406 373 476 in
397 402 517 474 talibus
537 401 780 484 controversiis,
815 399 829 485 (
851 395 980 486 quando
1001 391 1194 482 contingant
1214 399 1228 479 )
1250 391 1279 462 se
1302 416 1410 482 gerere
1431 389 1551 484 possint
1574 417 1611 466 ac
1633 395 1788 470 debeant.
1810 405 1885 490 Ap

337 545 499 617 ponuntur
523 527 652 595 tandem
674 529 707 594 in
729 525 795 594 line
819 541 854 594 ut
877 522 972 594 valde
996 521 1115 589 nedum
1139 519 1235 591 utiles
1257 521 1307 589 sed
1341 522 1517 594 necessario
1551 524 1591 596 ad
1625 525 1764 626 morales
1794 525 1879 596 diffi·

296 637 299 644 ’
337 657 472 724 cultates
494 653 675 723 enodandas
689 649 769 720 'dum
793 649 882 720 brevi
905 649 1121 738 explicatione
1146 649 1278 736 Regula
1302 648 1378 718 iuris
1401 649 1434 716 in
1461 649 1530 738 p&
1554 659 1584 721 6.
1612 651 1873 737 Demens-Qua-

335 803 370 850 ιο
393 803 466 850 cutn
490 801 568 866 opus
590 777 652 846 hoc
676 775 753 846 licet
771 749 940 864 itonquid
974 776 1078 858 novi,
1101 775 1116 857 (
1138 775 1215 845 dum
1246 775 1328 844 nihil
1353 773 1476 845 didium
1495 823 1507 861 ,
1529 776 1614 864 quod
1638 795 1713 847 ante
1737 801 1804 848 non
1825 778 1873 848 di-

333 903 421 976 dlnm
444 905 540 976 fuerit
564 911 578 988 )
602 903 724 992 aliquid
747 903 876 973 noviter
892 875 1010 970 'saltem
1033 902 1067 970 io
1093 903 1152 972 suis
1175 900 1419 973 tradiatiooibus
1437 901 1690 990 comprehendat
1710 927 1723 992 ς
1756 901 1870 976 &slu-

331 1030 466 1117 diostus,
490 1049 583 1118 prout
608 1051 681 1100 mea
704 1026 929 1102 insufficientia
950 1009 1113 1118 permifit,
1135 1051 1266 1098 cautum
1289 1027 1414 1110 suerit,
1439 1045 1476 1097 ιιι
1506 1023 1680 1100 moralibus
1717 1001 1877 1102 dodlrinis·

330 1157 593 1240 soecundaretur,
614 1178 651 1224 ac
675 1155 747 1226 ideo
780 1156 966 1245 copiodotes
990 1151 1182 1222 haberentur
1205 1152 1336 1236 sontes,
1360 1153 1442 1222 unde
1465 1173 1529 1225 uon
1546 1137 1733 1226 'difficiliter
1754 1156 1867 1232 deduci

330 1283 458 1371 possunt
480 1283 717 1356 occurrentium
738 1283 866 1352 casuum
891 1279 1063 1349 moralium
1088 1278 1282 1364 solutiones,
1304 1300 1368 1347 non
1393 1293 1429 1350 ut
1450 1281 1573 1369 prorsus
1597 1281 1713 1352 inutile
1736 1283 1869 1356 damna·

329 1411 358 1479 ri
380 1411 463 1498 posse
488 1410 632 1482 videtur·
655 1409 788 1480 Nimius
811 1407 930 1491 esletn,
955 1407 975 1474 st
1000 1403 1414 1494 cathalogum'Audiotum
1439 1405 1528 1476 omni
1553 1409 1742 1496 exceptione
1767 1413 1867 1482 maio·
2004 1461 2007 1467 -

330 1559 416 1620 tum,
440 1561 579 1628 quorum
602 1535 766 1608 dodirlnas
791 1533 867 1602 hinc
890 1533 963 1604 inde
987 1533 1020 1602 iu
1045 1551 1117 1602 toto
1140 1535 1249 1624 Opere
1273 1533 1333 1604 luis
1355 1533 1434 1605 locis
1448 1532 1605 1621 appositas
1625 1535 1754 1624 quisque
1776 1537 1865 1607 adiu·

327 1662 459 1748 veniet,
479 1664 597 1733 vellem
620 1677 812 1746 contexere,
834 1659 1001 1749 laudesque
1024 1657 1146 1729 debitas
1169 1660 1308 1731 tribuere
1332 1663 1373 1730 D.
1398 1662 1561 1746 Thomu,
1584 1661 1719 1748 Sylvio,
1752 1662 1861 1751 Eslio,

327 1789 559 1875 Contensnno,
583 1786 730 1872 Vitasse,
755 1785 901 1869 Habere,
927 1785 1087 1868 Invenio,
1122 1785 1331 1871 DuHatnel,
1354 1786 1579 1872 Toumeleio,
1601 1786 1718 1873 Berti,
1740 1790 1858 1861 Antei·

324 1937 365 1984 ne
381 1916 840 2004 ,Van-Espenio,Fagnano,
864 1909 1075 1998 Cabassutio,
1096 1913 1232 2001 Fleury,
1255 1913 1369 1984 Natali
1382 1912 1591 1997 Alexandro,
1614 1912 1859 2004 Tho'mxffino,

164 2027 173 2054 ⁴
323 2040 477 2131 aliisque,
501 2066 637 2131 quorum
662 2041 794 2110 nomina
817 2039 851 2111 in
873 2058 1026 2110 aternum
1037 2037 1163 2126 vivent,
1184 2038 1303 2130 quique
1326 2057 1419 2110 erunt
1442 2037 1573 2128 polletis
1586 2033 1735 2107 omnibus
1753 2041 1858 2130 quoad

326 2169 491 2237 Moralem
515 2167 742 2257 disciplinam,
764 2169 968 2238 Canonicam
992 2159 1179 2252 scientiam,
1204 2165 1444 2256 Hilloriquue
1468 2163 1722 2236 Ecclestaliicanx
1750 2167 1859 2254 praci-
1908 2185 1917 2204 ¹·

321 2293 377 2382 pui
401 2291 435 2361 in
458 2293 548 2364 Orbe
571 2292 719 2365 universo
742 2291 912 2381 Magislri.
939 2299 990 2366 Ne
1015 2290 1183 2378 mussites,
1204 2291 1350 2378 amabo,
1380 2291 1516 2382 benigne
1542 2288 1679 2377 Lediot,
1714 2291 1860 2383 liquata·
1962 2369 1965 2375 .

320 2418 426 2510 doque
446 2419 570 2510 aliquid
595 2419 653 2490 tibi
679 2419 731 2489 liic
752 2437 919 2506 occurrat,
942 2417 1029 2510 quod
1053 2418 1118 2488 iam
1141 2417 1259 2490 videris
1281 2419 1353 2508 ipsis
1376 2417 1475 2490 etiam
1499 2409 1610 2488 iisdem
1641 2419 1790 2491 terminis
1821 2420 1862 2490 in.

310 2543 388 2638 ,alio
406 2545 497 2632 gravi
519 2547 669 2632 dodlore,
692 2545 768 2635 quia
789 2545 945 2633 praecipue
967 2545 1072 2632 quoad
1093 2543 1305 2631 dodlrinalia,
1327 2547 1499 2628 notanda,
1521 2541 1724 2635 supponenda
1745 2597 1757 2632 ,
1779 2547 1862 2620 data'

318 2651 414 2758 opera
438 2671 499 2741 hoc
521 2671 643 2744 sodium
666 2669 749 2757 suit,
773 2688 808 2740 ut
831 2672 934 2742 maior
958 2670 1126 2742 sententiis
1145 2671 1371 2744 conciliaretur
1392 2669 1492 2758 fides,
1514 2689 1588 2742 cunt
1614 2673 1661 2743 ita
1682 2673 1776 2744 sacile
1799 2675 1852 2745 de·

316 2795 555 2886 prehendatur,
577 2821 641 2886 quo
664 2797 894 2902 sundamento,
918 2817 982 2888 qua
1005 2793 1199 2866 austeritate
1223 2813 1275 2868 eat
1299 2797 1488 2868 slatuerim:
1525 2802 1564 2869 ln
1587 2797 1673 2868 bisce
1694 2798 1782 2870 enim
1806 2823 1853 2872 rex

316 2923 374 2997 bus
395 2921 617 2997 elucubrandis
648 2943 715 2992 non
738 2920 800 2993 suit
833 2919 917 2990 milri
939 2919 973 2990 in
997 2922 1108 2990 animo
1140 2922 1199 2991 nisi
1223 2923 1394 2994 ueritatem
1418 2923 1548 2994 meliori
1578 2925 1677 2996 modo
1698 2950 1764 3016 quo
1785 2928 1853 3016 pola

314 3051 379 3122 sem
403 3051 546 3140 aperite,
578 3051 642 3121 dee
668 3048 824 3138 proprio,
846 3047 908 3117 five
932 3046 1072 3118 aliorum
1095 3063 1199 3117 marte
1221 3049 1318 3120 suerit
1343 3049 1547 3138 excogitata,
1569 3067 1636 3120 nnn
1661 3051 1740 3120 aliar
1760 3054 1852 3143 plana

314 3176 383 3248 sum
400 3199 438 3246 ae
467 3177 605 3264 gloriam
628 3173 710 3246 mibi
732 3193 944 3262 comparare3
968 3193 1041 3242 cunt
1064 3191 1219 3246 nontam
1244 3173 1341 3248 serati
1360 3177 1500 3266 polleant
1528 3172 1688 3264 ingenio,
1708 3177 1852 3264 &Jscien-

314 3302 433 3370 tiarunr
454 3301 589 3405 perjtia,
611 3318 649 3371 ut
672 3303 817 3388 Operam
841 3297 924 3369 tanti
946 3298 1055 3372 meriti
1079 3321 1224 3388 promere
1248 3303 1393 3374 valeam.
1419 3300 1542 3392 Excipe
1566 3298 1690 3391 igitur,
1713 3305 1865 3380 Ιιειιινο-Ι

313 3425 343 3494 le
366 3423 501 3515 Ledloe,
525 3425 611 3499 bunc
633 3423 903 3516 (qualiscumque
926 3425 966 3494 fit
987 3441 1000 3510 p
1023 3425 1185 3514 laborem,
1209 3425 1423 3514 &defessum
1444 3449 1526 3520 quot
1547 3428 1713 3521 invenias,
1735 3433 1849 3506 buma-

313 3550 399 3620 niter
419 3550 571 3641 indulge,
593 3551 771 3624 excusando
793 3549 1053 3623 imbecillitatem
1076 3550 1199 3644 ingenii
1220 3557 1308 3642 mei,
1332 3555 1354 3626 fi
1378 3581 1417 3626 ex
1446 3581 1484 3627 ea
1511 3557 1688 3647 contigit,
1717 3579 1754 3630 ιιι
1777 3584 1845 3632 non

272 3774 274 3778 ι
312 3675 518 3749 satisseceritn
542 3678 667 3750 ardenti
694 3696 798 3767 voto,
827 3678 968 3750 Moralis
992 3677 1134 3751 dudiofis
1159 3679 1292 3771 aliquod
1311 3679 1466 3760 utilitatis
1491 3683 1733 3757 adminiculum
1755 3685 1856 3758 novis

312 3802 395 3877 bisce
414 3805 590 3880 monlibat
606 3803 861 3878 institutionibus
877 3801 1074 3878 exhibendi.
1094 3805 1204 3878 Vale,
