4030 5456
1482 165 1492 178 ἱ

336 247 406 340 132?
558 231 766 316 Τιιιιίτ.
805 261 873 312 oa
925 229 1168 314 nicoma
1203 229 1282 321 Mb
1339 240 1650 320 caecans..

280 345 371 424 tate,
386 342 434 408 sed
456 362 509 419 pto
529 344 617 421 lege,
637 342 709 419 lieet
727 339 867 404 diuersa.
887 334 978 402 Nam
995 337 1059 412 pri·
1095 335 1245 416 le‘gesrve
1262 265 1323 404 uk
1344 342 1429 419 rall,
1455 338 1520 407 siue
1548 345 1679 422 positiva
1703 397 1711 422 ‚
1739 349 1774 417 ἀ
1797 367 1870 417 m„

279 449 331 494 ma
347 427 408 490 ilat
429 443 484 499 pto
502 424 567 504 lege
585 419 710 486 iustitiae
730 419 846 486 &iure
864 419 972 481 mariti
984 433 1059 480 oon·
1093 414 1280 484 conscientia
1299 441 1377 494 uuae
1399 443 1470 488 cum
1491 423 1558 502 lege
1580 427 1717 492 naturali
1746 429 1791 496 eli
1811 434 1873 498 ιιιι·Ι

281 507 477 573 tramulieria
495 503 691 582 libertatem3
708 504 806 566 altera
823 516 901 562 vero
922 487 1060 573 prolege
1095 517 1196 563 manat
1220 503 1335 563 rationi
1348 498 1530 566 intrinseca.
1555 503 1870 589 Quaresr'persmm

280 587 416 653 vetante
430 583 584 650 connubia
601 588 685 647 inter
703 577 966 656 consanguineos.
985 574 1059 640 Cte-
1096 580 1249 642 rationem
1260 596 1323 644 non
1336 579 1436 656 potell
1447 583 1538 646 honio
1549 587 1868 668 dignoscerequidve·

270 665 397 734 lesiinua
419 663 547 732 tandem
574 683 635 726 non
667 659 822 737 improbat
852 659 1001 721 iudicium
1018 654 1059 720 E·
1095 677 1162 721 nrm
1183 657 1220 723 srt
1236 661 1269 722 in
1285 659 1371 724 rebus
1390 659 1461 723 fidei
1486 708 1494 731 .
1516 663 1564 726 led
1592 670 1708 731 erudiri
1735 671 1866 739 debete

279 743 394 824 p'iscopi
411 737 875 816 Antisrodorensra,quimoraii
892 734 1058 800 certitudi·
1093 737 1209 802 divinis
1224 738 1357 803 oraculis
1377 786 1387 816 ‚
1413 739 1447 805 dc
1465 739 1500 804 ab
1521 741 1661 811 Ecclefiae
1681 748 1867 815 delinitioni-

278 850 320 896 ne
337 828 482 904 detegens
494 817 973 898 impotentiaeimpedimentum,
995 833 1058 906 ιιιιι·
1093 815 1165 895 but;
1191 816 1287 894 potest
1305 835 1410 884 tamen
1428 819 1492 884 lolo
1514 827 1645 889 rationie
1666 826 1781 894 lumine
1801 852 1866 908 per·
1958 871 1962 882 ·

278 909 384 976 sierem
410 903 570 988 quamdam
596 899 732 966 seiunxit
762 919 779 961 a
814 911 900 962 vtio·
933 895 1058 961 Accidit
1092 900 1192 974 cipere
1212 899 1414 976 quidbonum
1434 901 1471 962 sit
1492 903 1866 988 intebuantorum‚qui·

276 987 438 1068 polleant
459 981 626 1068 huiusmodi
651 979 908 1057 impedimentum
938 975 1059 1038 nullum
1092 977 1147 1042 bate
1168 983 1250 1044 ratio
1270 979 1331 1056 ipsa
1345 977 1389 1043 eli
1417 985 1567 1057 praecipua
1597 985 1648 1048 lert
1666 987 1702 1051 dc
1732 993 1833 1068 tegula
1856 1033 1866 1054 .

276 1062 507 1148 dignosceretur
541 1085 548 1126 a
589 1063 806 1142 pronuntiavit
827 1055 1059 1150 ¹sitelellinua,
1092 1057 1301 1133 Quamobrem
1321 1063 1465 1137 quamvis
1485 1064 1516 1124 in
1537 1064 1625 1126 rebus
1641 1067 1711 1128 lidei
1723 1071 1865 1134 anteEc-

278 1147 419 1215 mulieris
434 1144 671 1208 Matrimonium
687 1163 758 1206 cum
790 1155 886 1214 pomo
918 1153 988 1200 vtro
1007 1153 1054 1226 va·
1092 1137 1191 1204 clesrae
1209 1138 1441 1214 definitionem,
1461 1139 1531 1203 dum
1552 1146 1866 1212 reaconrroversaest

275 1229 374 1294 lidum
394 1225 531 1291 extitisse
552 1272 561 1302 ,
587 1222 761 1288 adfirmant‘
779 1217 965 1281 sententiam
985 1213 1058 1289 Ept-
1094 1221 1176 1280 inter
1196 1217 1375 1300 Theologoa
1390 1269 1398 1298 ,
1415 1221 1544 1284 liberum
1564 1223 1620 1300 sit,
1641 1225 1769 1291 servatis
1792 1249 1866 1304 prae·

275 1306 357 1384 scopi
380 1326 434 1384 pro
453 1305 590 1380 divortio
611 1296 813 1367 laramsuilse
842 1315 896 1372 per
916 1311 1054 1360 errorem
1092 1299 1178 1361 didit
1199 1300 1443 1376 conditionibus,
1462 1299 1523 1364 srne
1543 1295 1683 1376 periurlo'
1695 1309 1865 1372 erroriaal-

276 1385 486 1472 probabilem.
512 1385 603 1448 Error
634 1398 737 1446 tamen
760 1379 818 1442 lroc
848 1377 907 1438 loci
930 1393 993 1438 non
1013 1374 1055 1435 di·
1093 1395 1246 1443 terutram
1268 1399 1386 1455 partem
1406 1399 1463 1461 pro
1481 1380 1569 1444 libito
1586 1384 1744 1464 ampledli‚
1764 1389 1866 1452 eovel

274 1471 361 1538 citur
377 1470 496 1550 proprie
517 1463 589 1544 prob
630 1461 696 1539 ilia,
716 1451 1056 1550 cumnonptocelserit
1092 1461 1224 1523 maxime
1245 1462 1324 1536 quod
1344 1479 1379 1523 ut
1401 1461 1567 1537 plurimum
1588 1483 1650 1528 non
1672 1471 1768 1530 maior
1784 1474 1866 1534 tatio

276 1569 318 1615 ex
338 1546 529 1613 couscientia
548 1545 598 1620 opi
623 1543 709 1606 atita
720 1587 730 1618 ,
751 1537 800 1601 sed
819 1553 942 1600 rnntatut
961 1529 1056 1597 suerit
1093 1537 1240 1604 habeatne
1262 1559 1316 1614 pro
1331 1561 1395 1604 una
1412 1559 1604 1617 partequam
1615 1565 1673 1624 pro
1689 1547 1810 1610 altera:
1835 1547 1865 1611 id

275 1629 440 1694 momentis
456 1625 530 1688 olim
546 1622 713 1701 moraliter
731 1617 825 1684 certia
884 1613 957 1679 licet
979 1609 1057 1704 poli·
1093 1635 1199 1682 tamen
1226 1639 1289 1684 non
1316 1619 1388 1684 licet
1415 1623 1447 1681 in
1475 1623 1672 1704 moralibus,
1712 1631 1865 1706 precipue

275 1707 403 1773 modum
428 1707 635 1769 edanuerint.
664 1702 777 1792 Quare,
798 1661 1057 1788 ousiiutssobotlt
1092 1699 1211 1775 quando
1228 1701 1418 1790 ratiogquae
1436 1703 1467 1760 in
1489 1699 1533 1763 bia
1556 1700 1736 1782 astragali,
1757 1706 1862 1786 iudex,

277 1787 351 1852 sunt
376 1801 559 1864 argumenta
585 1773 833 1847 ti’robtbilrslts
852 1791 893 1839 ex
921 1791 986 1838 rute
1005 1791 1056 1836 ca·
1091 1779 1215 1855 delen,
1237 1779 1492 1842 verolamiliorern
1513 1799 1610 1844 unam
1639 1801 1757 1859 partem
1784 1807 1865 1862 μη.

278 1869 394 1934 ponito
407 1859 556 1944 petita..
685 1875 689 1882 '
977 1920 982 1932 ,
1092 1857 1204 1921 scierat
1219 1877 1312 1934 quam
1332 1859 1478 1922 alteram.
1501 1859 1584 1924 Narin
1604 1882 1675 1926 curn
1697 1867 1778 1927 ratio
1796 1885 1864 1929 non

319 1945 486 2011 obiiciunt*
501 1935 556 2006 lV.
575 1953 757 2020 argumenta
774 1936 862 2016 plur·
892 1954 909 1998 a
935 1936 1056 1999 rarione
1092 1957 1212 2016 quaerat
1233 1937 1268 2003 &
1287 1955 1367 2000 amet
1390 1937 1443 2000 nist
1466 1943 1633 2002 veritatem
1654 1941 1712 2017 3&
1730 1945 1864 2018 pruden-

278 2025 479 2102 deprompta.
496 2023 571 2086 Non
594 2023 695 2084 mitius
715 2035 805 2095 quam
833 2013 965 2078 nucales
994 2007 1056 2078 vii·
1092 2024 1136 2084 tia
1155 2023 1186 2080 in
1210 2017 1378 2104 moralibus
1398 2017 1435 2080 ad
1452 2018 1865 2100 hancsunplicirerdirigatt

281 2125 393 2184 tutes,
411 2103 486 2167 fider
504 2101 670 2164 necessaria
686 2097 728 2162 eli
751 2096 787 2161 ad
811 2093 889 2158 iulle
918 2091 952 2158 dt
976 2093 1054 2159 cbri-
1093 2115 1182 2161 nemo
1208 2095 1304 2174 potest
1325 2094 1606 2172 prudenteraliam
1630 2119 1750 2177 partem
1774 2103 1879 2165 resim·

279 2185 381 2252 illane
410 2183 609 2262 vivendum,
646 2201 716 2244 cum
746 2176 820 2240 fidet
847 2173 897 2248 srtj
914 2177 1000 2238 radix
1022 2178 1055 2243 dt
1091 2193 1205 2256 quere,
1226 2181 1337 2252 inqua
1358 2180 1450 2255 magia
1466 2173 1592 2256 effulget
1611 2184 1745 2258 veritas,
1765 2199 1801 2246 ut
1821 2185 1868 2247 al·

281 2265 519 2331 fitndamentum
538 2258 679 2324 moralis'
693 2256 869 2332 bonitatis,
898 2251 950 2317 seu
970 2253 1055 2321 Chri·
1091 2276 1193 2322 reram
1210 2254 1428 2333 amplectatur,
1444 2259 1476 2317 in
1493 2277 1551 2332 qua
1570 2303 1581 2334 ,
1599 2279 1670 2324 cum
1693 2263 1793 2324 minus
1811 2282 1866 2325 ve·

280 2343 390 2421 {tianae
431 2345 509 2407 vitae
545 2340 580 2409 dt
615 2335 813 2410 sanstitatis,
853 2339 942 2424 iuxta
979 2337 1056 2402 illud
1093 2340 1167 2402 ritas
1195 2337 1486 2416 appareat‚maior
1514 2339 1611 2402 etiam
1628 2343 1691 2405 erit
1722 2335 1862 2406 salsitatis

281 2424 320 2491 ad
346 2423 496 2492 liebraeot
522 2440 590 2498 cap.
624 2434 669 2482 rr.
709 2417 778 2484 Siue
806 2412 866 2493 fide
897 2415 1056 2508 tmpofflbiie
1092 2416 1238 2490 sulpicio.
1328 2445 1332 2455 ·

281 2507 320 2582 esi
338 2505 450 2584 placere
475 2507 565 2576 oro.
595 2498 630 2565 dc
652 2496 745 2560 inan.¹
766 2516 832 2570 cap.
856 2509 884 2574 3.
911 2500 972 2578 Qut
1000 2519 1055 2562 nou
1080 2505 1085 2514 '
1131 2497 1418 2574 Praeterquamquod
1450 2501 1809 2578 argumentumiaborat
1827 2502 1861 2574 ib

283 2585 397 2662 eredit,
414 2583 474 2645 iam
493 2581 642 2646 iudicatus
662 2579 719 2656 esi.
747 2575 803 2640 Sed
820 2579 851 2636 in
872 2576 909 2638 iia
929 2597 997 2654 qtrae
1017 2580 1054 2642 ad
1092 2575 1169 2642 salso
1186 2575 1355 2654 supposito.
1378 2579 1504 2644 Etenim
1526 2600 1718 2660 propugnant
1740 2581 1862 2658 quidem

281 2665 375 2731 fidem
393 2666 551 2740 pertinent
572 2707 580 2734 ‚
609 2659 731 2738 quando
761 2659 884 2720 servent
902 2659 984 2726 inter
1002 2679 1056 2721 au»
1091 2659 1302 2736 quamplurimi
1324 2661 1487 2734 opiniones
1508 2663 1655 2736 quae'arliia
1675 2661 1745 2725 stiur
1763 2665 1862 2744 minut

281 2745 380 2810 floret
401 2738 648 2817 controversie,
674 2736 801 2801 liberum
828 2734 875 2798 'eli
899 2752 972 2802 ante
989 2737 1056 2802 lan·
1093 2737 1281 2816 probabilem
1298 2736 1346 2800 sed
1367 2739 1469 2804 nullut
1484 2739 1713 2820 Theologornm
1737 2761 1788 2804 raa
1801 2761 1865 2804 am·

281 2823 338 2894 aa
370 2819 526 2898 cerleio,
552 2819 842 2884 determinationem
870 2816 1055 2884 alterutram
1093 2815 1255 2906 plebum,
1277 2815 1402 2894 aliisque
1424 2821 1546 2899 tradit,
1582 2821 1635 2884 nili
1657 2826 1689 2883 in
1713 2836 1863 2896 quantum

280 2913 423 2984 partem,
444 2903 540 2964 etiarn
557 2903 658 2962 minut
675 2896 862 2983 probabilem
886 2943 895 2974 ‚
920 2899 982 2960 sine
1003 2919 1057 2972 pe·
1093 2897 1142 2960 libi
1165 2895 1381 2973 probabiliores
1402 2899 1568 2966 videntur.
1589 2898 1865 2980 SicMedrliaegra·

282 2985 383 3052 riculo
398 2985 512 3046 erroris
530 2977 695 3066 anrpleili5
715 2976 878 3041 dummodo
898 2975 1055 3041 bonafide
1093 2983 1146 3042 tiae
1163 2973 1333 3041 efficaciam
1355 2981 1583 3058 propugnanda
1604 2978 1767 3056 conlenl'u,
1788 2985 1864 3056 qtria

282 3062 487 3144 procedatur:
504 3079 611 3136 nempe
630 3057 790 3136 sentiendo
811 3054 903 3132 ipsam
925 3060 1056 3128 nonda·
1093 3055 1299 3119 verosimilius
1317 3057 1518 3138 exillimant,
1537 3061 1616 3138 quod
1638 3066 1736 3140 gratia
1757 3061 1795 3124 ab
1817 3064 1866 3124 io·

283 3145 384 3212 morri
392 3151 429 3205 ut
446 3160 623 3216 erroneam,
637 3135 797 3203 &talibus
807 3139 864 3200 niti
877 3132 1055 3201 fundamen·
1094 3133 1227 3220 trinseco
1245 3133 1356 3200 efficax
1377 3135 1554 3202 libertatem
1575 3157 1718 3204 evertat.
1749 3138 1798 3202 lta
1817 3157 1867 3202 te·

283 3227 327 3293 ris
346 3240 461 3298 ‚quaea
480 3219 751 3287 temeritatianuta
769 3214 897 3280 liberent
914 3219 941 3280 ei
960 3217 1056 3294 allep-
1094 3232 1169 3279 nent
1187 3216 1239 3280 alii
1270 3231 1424 3292 tamquam
1455 3220 1640 3298 probabilius
1666 3221 1865 3296 attritionem

285 3303 439 3368 rientem.
460 3300 507 3363 Sic
519 3302 698 3376 propugnari
711 3295 1055 3376 poteliaTheologissr·
1095 3293 1231 3358 sufficere
1250 3339 1261 3371 ‚
1281 3299 1354 3370 quia
1371 3299 1506 3363 iudicant
1529 3300 1603 3364 hanc
1625 3295 1714 3362 soille
1729 3297 1866 3374 Concilii

286 3399 328 3447 ne
345 3371 966 3456 ulloerrorisperirologratiaeefficatiaa
987 3397 1056 3440 con·
1096 3374 1275 3438 Tridentini
1297 3395 1449 3441 mentem.
1475 3381 1582 3458 Quare
1604 3377 1751 3444 sullinent
1769 3379 1863 3454 aliqui

287 3457 401 3538 senso,
422 3459 455 3525 dt
477 3455 661 3524 sufficientia
683 3457 903 3520 attritioniaad
924 3461 1057 3536 gratiam
1094 3453 1242 3542 Theologi
1259 3459 1441 3536 opiniooet,
1468 3481 1536 3536 quau
1558 3457 1625 3524 sunt
1641 3462 1745 3522 minus
1762 3457 1868 3538 proba·

288 3547 322 3604 ln
342 3541 549 3604 §aeramento
572 3536 796 3613 recipiendam.
813 3533 911 3601 lmmo
931 3537 1058 3614 provide
1094 3535 1167 3598 biles
1190 3555 1244 3610 pro
1260 3538 1392 3600 aliorum
1412 3557 1517 3602 mente
1535 3587 1545 3616 ,
1566 3540 1677 3604 nonin
1696 3543 1865 3601 eorumiu·

288 3617 469 3686 cautumeil
487 3638 505 3682 a
522 3615 630 3682 sinna
646 3615 742 3692 Sede,
763 3633 803 3677 ne
819 3613 971 3694 Theologi
982 3614 1059 3678 simi·
1095 3615 1176 3686 dicio
1185 3661 1195 3694 ,
1214 3635 1283 3678 cum
1304 3615 1351 3677 ilii
1367 3633 1403 3680 ut
1420 3617 1637 3695 probabiliores
1646 3637 1696 3682 eat
1712 3616 1868 3697 euisiima·

291 3702 332 3765 ira
353 3698 623 3784 tradentetaliqua
643 3693 771 3761 censura
801 3710 973 3760 notentur.
1002 3696 1058 3773 lgi-
1097 3713 1128 3756 re
1142 3713 1205 3756 non
1228 3695 1381 3758 immerito
1399 3697 1513 3762 cenl'eri
1537 3696 1666 3775 possint.

287 3791 342 3845 tur
363 3781 484 3844 licitum
504 3797 622 3857 quoqpe
645 3773 687 3839 eli
704 3775 785 3852 sequi
803 3779 1059 3854 inpraxiopinio·
1087 3847 1117 3866 ,θ
1135 3773 1294 3838 Obiiciunr
1311 3774 1348 3848 V,
1360 3777 1428 3838 Lex
1445 3795 1507 3863 non
1516 3779 1648 3858 obligat,
1666 3797 1703 3842 ac
1724 3775 1796 3858 ideo
1817 3795 1867 3840 te*

288 3879 360 3926 otm
378 3864 478 3923 minut
498 3857 699 3938 probabilem.
1097 3853 1209 3928 linquit
1240 3855 1393 3918 bominem
1415 3861 1445 3917 in
1471 3858 1523 3921 lua
1553 3859 1698 3922 libertate
1726 3856 1869 3936 agendi,

332 3937 421 4017 Resp.
443 3959 585 4017 magnam
599 3937 661 4000 else
682 3935 892 4018 disparitatem
921 3935 1002 4000 inter
1022 3954 1059 3998 ea
1096 3933 1214 4007 quando
1234 3951 1296 3996 non
1316 3933 1360 3997 eli
1383 3933 1570 4001 sufficienter
1581 3937 1794 4016 promulgata,
1814 3935 1868 4000 l'eu

289 4039 358 4098 quc
380 4020 538 4104 pertinent
560 4019 597 4082 ad
618 4017 731 4092 iidem,
749 4013 836 4079 &ea
853 4035 923 4089 quae
940 4017 977 4077 ad
994 4035 1060 4078 roo-
1096 4013 1219 4088 quando
1249 4031 1372 4076 certum
1404 4037 1465 4079 raon
1494 4016 1537 4079 eli
1564 4015 1610 4082 dc.
1627 4020 1754 4079 evidens
1784 4016 1871 4080 illam

290 4121 358 4168 res.
379 4099 464 4164 Nam
487 4101 518 4164 in
534 4099 640 4176 primia
660 4096 819 4174 relpicitur
838 4089 903 4158 sola
925 4098 1062 4170 veritae,
1114 4091 1246 4156 xiliere.
1262 4093 1307 4156 At
1326 4095 1448 4168 quando
1463 4099 1495 4158 in
1512 4114 1672 4172 utramque
1693 4098 1875 4170 partemdi·

292 4199 362 4259 quae
382 4178 494 4259 pendet
516 4200 533 4244 a
554 4178 773 4244 convenientia
794 4171 1062 4252 nosiriconceptua
1098 4171 1271 4248 scepratur,
1287 4193 1361 4235 num
1383 4175 1495 4254 aliquid
1513 4179 1633 4240 licitum
1649 4176 1705 4248 sit,
1728 4177 1872 4250 velnona

292 4269 363 4326 dum
385 4259 504 4326 obiedio
527 4259 626 4333 fidei,
655 4272 747 4329 prout
778 4253 863 4318 nobis
884 4259 1063 4332 proponitur
1098 4257 1190 4314 immo
1215 4249 1386 4317 oslenditur
1409 4256 1609 4332 probabiliter
1653 4257 1775 4321 licitum
1809 4251 1871 4320 else

294 4340 332 4406 ab
352 4339 482 4405 oraculis
510 4337 627 4403 divinar
657 4335 825 4408 scripturae
844 4333 879 4399 dr
906 4335 1063 4399 Traditio·
1097 4329 1175 4407 quod
1192 4347 1230 4393 nt
1251 4331 1396 4396 illicitum
1414 4335 1450 4399 ab
1471 4339 1538 4399 aliia
1559 4333 1741 4414 'proponitur
1764 4349 1871 4398 :tune

293 4423 362 4499 nit,
379 4419 413 4486 dt
434 4419 474 4484 ab
493 4413 895 4492 Ecclesraed'efinitionibua,
915 4413 1062 4492 quaesunt
1098 4416 1211 4474 merito
1226 4407 1364 4474 censetur
1385 4414 1480 4478 talem
1511 4417 1710 4494 ingemuere
1729 4435 1793 4478 non
1814 4431 1875 4492 err·

292 4501 410 4579 regulae
430 4501 466 4560 a'd
485 4501 544 4562 rite
566 4495 730 4573 ,reditque
750 4495 959 4571 credendum
986 4495 1063 4576 ideo7
1099 4508 1166 4554 tare
1186 4491 1235 4553 vel
1259 4509 1320 4554 non
1336 4493 1398 4557 eise
1419 4489 1607 4560 sufficienter
1628 4497 1871 4574 promulgatam.

295 4578 356 4656 o'ue
376 4579 523 4654 principia
541 4573 612 4640 fidei
629 4575 700 4639 sunt
719 4573 837 4652 prorsus
860 4593 990 4638 externa
1008 4573 1064 4635 bu-
1099 4571 1197 4650 igitur
1213 4571 1368 4646 inculpate
1382 4574 1459 4637 illud
1487 4575 1568 4651 sequi
1602 4577 1753 4650 poliumua
1782 4573 1875 4657 quod

297 4671 398 4724 manae
427 4657 555 4723 rationi.
581 4654 618 4720 ln
643 4659 680 4720 iia
704 4671 780 4718 uero
807 4673 875 4732 quae
901 4653 937 4726 ad
966 4672 1065 4737 morea
1099 4649 1256 4715 bonafide
1279 4651 1801 4736 probabiliter.licitum'putamns
1831 4674 1875 4720 ac

228 4777 232 4784 ·
299 4739 435 4818 spediant
456 4787 466 4817 ,
493 4738 666 4802 attenditur
684 4731 748 4800 sola
760 4735 881 4799 bonitas
899 4781 908 4814 ,
933 4755 1001 4809 quae
1017 4731 1066 4796 de·
1101 4745 1236 4806 tutum3·
1248 4731 1369 4796 tametsi
1386 4737 1452 4799 eius
1472 4740 1661 4804 contrarium
1685 4733 1892 4820 probabilius·

297 4821 412 4900 pendet
439 4838 458 4884 ιι
483 4811 682 4885 consonantia
697 4897 701 4908 Ι
718 4815 841 4881 humani
866 4815 968 4881 iudicii
995 4833 1065 4882 cuna
1101 4831 1137 4878 ac
1154 4815 1252 4879 tutiut
1273 4811 1434 4882 rideatur.
1733 4891 1813 4990 Μ

1763 4921 1779 4968 C
1816 4942 1827 4972 ι
