4030 5456
356 257 432 348 124
555 243 759 320 Tener.
796 251 862 318 'ne
898 245 1142 328 Raout'r'i
1178 243 1394 322 Morum
1429 243 1549 324 Car.
1582 247 1611 323 l.

300 343 396 412 bitrio
417 366 451 414 ac
470 342 597 410 libidine
616 347 703 410 unius
723 346 772 410 vel
802 345 930 408 alterius
956 343 1067 409 Dodo·
1102 345 1162 409 bile
1179 365 1239 410 non
1257 349 1357 411 levem
1374 343 1528 424 praesesert
1547 345 1867 432 iainsarisalpeetnn,

455 425 749 572 initiens
769 423 1067 568 ιιι
1104 423 1871 572 ppp„„,0‚emm

300 589 379 664 quod
411 529 480 652 alibi
506 585 619 650 bonum
649 552 844 662 approb'are,
878 603 949 646 cum
979 603 1068 646 nemo
1142 563 1339 647 Consonel).
1357 553 1575 668 Cliryioiibmo
1595 587 1683 656 iavet
1708 587 1871 656 sententia

297 661 989 744 quamlibetopiniorrem,quaeleviter-etiam
1000 681 1068 740 pro-
1103 661 1139 726 de
1170 677 1255 740 parte
1284 663 1487 729 verisimiliori
1521 667 1573 732 seu
1604 667 1795 748 probabiliori
1824 668 1868 732 se·

299 743 406 811 babilis
427 749 597 826 appareat,
616 759 687 807 tute
708 737 898 806 conscientia
916 741 994 819 sequi
1013 762 1067 806 va·
1103 743 1219 816 quenda
1236 743 1273 806 D.
1291 742 1476 823 Augustinus
1497 745 1546 809 lib.
1575 767 1601 811 1.
1621 768 1731 814 contra
1756 751 1877 820 [leade-¹

298 825 383 898 let.
402 826 440 890 Et
458 825 596 901 equidem
630 820 709 899 quod
726 835 761 886 ut
778 823 1067 897 licitum'pennitta·
1103 823 1197 912 nicos
1215 841 1272 898 cap
1302 845 1335 902 4.
1356 822 1406 894 ubi
1427 825 1494 889 irate
1514 825 1624 894 habet:
1645 822 1786 918 Quisquis
1815 828 1877 891 mi:

298 920 354 970 tur
370 905 408 970 ab
430 924 491 969 uno
511 923 551 968 ex
574 873 771 994 Tbeologis,
799 921 929 978 quorum
948 899 1067 964 senten·
1102 921 1158 992 nias
1180 902 1318 992 opstanier
1337 923 1425 981 quani
1444 915 1553 984 oporiet
1574 955 1584 988 ,
1608 921 1771 973 vernalem
1790 915 1876 986 qua-i

301 987 347 1050 tia
363 987 469 1064 opinio
485 983 587 1070 aliqua
599 981 760 1062 probabilis
777 979 931 1059 redditur,
949 981 977 1043 id
988 979 1066 1057 quod
1103 989 1166 1058 rii,
1185 1004 1213 1043 rs
1233 985 1273 1046 ad
1282 983 1374 1062 finem
1389 981 1521 1050 bominis
1542 1008 1599 1062 ripn
1615 987 1775 1066 pervenis:
1793 983 1872 1066 quis·

300 1064 380 1128 alter
409 1063 585 1142 Theologus
614 1079 648 1125 ut
677 1062 818 1125 illicitum
842 1060 986 1138 damnat,
1007 1079 1068 1123 oon
1102 1059 1169 1139 quir
1184 1073 1282 1128 autem
1299 1073 1419 1126 ionium
1434 1077 1578 1143 quonium
1598 1067 1682 1131 bomo
1698 1067 1782 1148 pcipi
1805 1085 1867 1146 ,oc

300 1143 343 1206 eli
372 1140 473 1208 forsan
497 1142 661 1219 statuere,
690 1142 769 1204 idem
793 1139 854 1204 elie
870 1140 1068 1219 probabiliter
1102 1138 1205 1229 delei,
1226 1141 1282 1210 dai
1301 1159 1415 1220 operam
1443 1143 1638 1212 invenienda·
1657 1145 1802 1224 urrr'iaii,
1823 1159 1869 1210 er-

298 1221 482 1301 bonum,&
500 1220 634 1286 malum?
784 1301 790 1314 .
827 1301 834 1314 υ
1102 1223 1187 1302 romfi
1205 1243 1263 1285 raon
1280 1219 1629 1314 inuniripbeaiusest,
1649 1225 1706 1306 serr
1725 1224 1871 1290 eximitur

231 1371 240 1392 .
339 1302 463 1367 Contra
492 1297 740 1366 Probabilismum
761 1319 850 1365 nimis
872 1298 952 1363 clare
970 1298 1066 1375 loqui
1101 1313 1265 1379 apeccaio:
1286 1313 1378 1366 iniiam
1388 1301 1564 1388 manserit,
1584 1303 1871 1388 quodnisdcr'air'ia,

297 1396 353 1449 tur
373 1383 403 1446 S.
426 1381 557 1447 loannes
576 1378 813 1462 chrysostomus
844 1378 945 1443 homil.
969 1394 1015 1457 ¹3·
1036 1382 1065 1441 in
1102 1393 1188 1468 naias
1210 1383 1265 1459 est.
1287 1383 1350 1466 Qui
1367 1385 1543 1460 opinionem
1564 1389 1664 1452 minna
1681 1386 1869 1464 probabilem

297 1459 391 1539 Eplll.
415 1479 443 1524 a.
479 1463 517 1526 ad
548 1458 756 1524 Corintb.ubi
776 1460 865 1523 docet
886 1459 1065 1522 eademial·
1103 1461 1281 1536 sequendam
1297 1465 1382 1540 eligit
1408 1467 1442 1524 in
1462 1463 1608 1531 concursu
1636 1464 1870 1546 probabilioris,

175 1609 179 1620 ,
298 1555 362 1604 tem
383 1541 543 1620 diligentia
564 1543 709 1618 inopere
729 1555 854 1603 aerernae
882 1537 989 1602 salutis
1011 1559 1065 1602 no·
1103 1540 1149 1602 liic
1171 1539 1243 1604 sane
1262 1544 1360 1605 minus
1377 1541 1544 1621 instanter,
1567 1565 1623 1610 nec
1642 1562 1790 1622 quantum
1802 1561 1869 1622 pot·

298 1619 344 1686 bis
359 1623 506 1688 utendum
529 1667 538 1700 ,
562 1637 623 1697 qua
647 1616 804 1683 saecularia
834 1621 958 1698 negotia
979 1639 1066 1696 agere
1100 1617 1165 1696 esi,
1185 1641 1220 1684 ac
1237 1618 1346 1699 debet,
1363 1625 1530 1688 veritatem
1552 1627 1677 1702 inquirit
1695 1627 1869 1704 ,quiaeam

294 1701 428 1766 solemus
447 1721 455 1763 :
474 1699 516 1764 ibi
532 1704 613 1764 enirn
638 1698 782 1763 admonet
808 1717 846 1762 ne
874 1699 1066 1762 attendamus
1104 1697 1213 1774 respuit
1234 1703 1429 1784 opinionem,
1443 1704 1475 1765 in
1496 1723 1552 1778 qua
1571 1707 1737 1767 veritatem
1761 1721 1870 1766 revera

296 1777 368 1859 quid
384 1779 474 1844 multi
494 1781 685 1858 opinentur,
702 1771 748 1840 led
767 1797 800 1841 ut
815 1777 947 1856 resipiat
969 1783 1066 1853 inqui·
1103 1782 1195 1864 ineile
1226 1775 1406 1860 dignoscit‘,
1431 1783 1605 1857 opinionem
1631 1781 1869 1860 probabiliorem

295 1881 401 1927 ramus
413 1908 422 1938 ‚
434 1859 645 1936 exprobatque
661 1873 696 1920 ut
717 1853 896 1938 absurdum,
915 1879 969 1920 nos
985 1863 1065 1922 circa
1103 1859 1216 1924 scilieet
1236 1858 1287 1923 seu
1307 1858 1549 1926 verisimiliorem
1568 1859 1750 1940 spernendo;
1773 1859 1869 1924 idcir·

229 2007 235 2018 ,
296 1939 633 2017 italiamqua'ntitatem
650 1939 806 2013 pecuniae,
825 1938 1065 2015 qrraenobistra·
1101 1959 1218 2002 conon
1238 1941 1384 2014 eximitur
1406 1959 1423 2004 a
1444 1958 1593 2032 peccato.
1622 1941 1732 2005 itidem
1752 1939 1781 2002 S.
1804 1941 1871 2002 Do·

287 2020 392 2086 'datur
432 2021 501 2082 aliis
519 2035 581 2082 non
601 2016 726 2081 credere
739 2063 748 2091 ,
763 2016 810 2078 led
828 2037 896 2081 eam
926 2039 1067 2081 numera·
1101 2015 1164 2081 dior
1185 2017 1234 2082 lib.
1259 2037 1308 2082 aa.
1328 2019 1367 2085 de
1384 2019 1477 2088 Cion.
1498 2021 1555 2086 Dei
1573 2041 1640 2100 cap.
1654 2009 1708 2100 ¹23.
1725 2021 1792 2095 ait,
1813 2035 1870 2082 nos

299 2119 362 2176 te,
391 2069 426 2164 bt
453 2096 618 2175 supputare
637 2116 647 2158 t
665 2090 828 2174 pro’rebus
852 2096 1065 2174 amplioribus,
1103 2099 1294 2178 invigilate,
1323 2095 1375 2162 seu
1397 2103 1486 2168 nimii
1508 2117 1646 2166 attentos
1675 2098 1739 2163 eise
1759 2096 1870 2162 debere

231 2247 236 2259 ,
300 2178 395 2257 (idest
415 2197 483 2256 quae
499 2173 784 2266 adanimaebonom
802 2179 980 2266 pertinent)
997 2177 1067 2242 alio·
1102 2195 1139 2241 ne
1157 2176 1250 2258 opinio
1270 2178 1439 2260 oerrssmilis
1451 2175 1564 2262 filiai,
1584 2199 1618 2244 ar
1635 2174 1872 2268 decipiaisermo

299 2279 369 2326 rum
382 2255 566 2338 scnimir'arn
580 2253 663 2344 sequi
682 2255 856 2340 ,impliciter
877 2305 885 2334 ,
903 2255 1066 2336 presertim
1100 2261 1239 2336 veriritas
1257 2305 1266 2335 ‚
1285 2277 1322 2322 ne
1338 2257 1373 2338 se
1396 2257 1525 2322 ienebrae
1542 2249 1667 2324 sisinius
1690 2276 1798 2322 esrom
1824 2255 1871 2338 es·

295 2359 367 2404 carm
394 2337 554 2403 hebroinus
580 2354 713 2400 onmium
742 2337 947 2428 exeiii'ffirnam
975 2337 1066 2402 arari·
1096 2336 1251 2419 frondoni,
1269 2357 1306 2402 ire
1323 2337 1401 2416 quod
1412 2335 1517 2403 bonum
1531 2342 1570 2421 est
1580 2341 1710 2417 maium,
1727 2350 1781 2400 aui
1794 2337 1873 2414 quod

258 2417 265 2430 '
300 2438 371 2486 narn
386 2415 428 2487 (e
443 2436 569 2499 gnomen
584 2437 617 2481 ac
632 2417 761 2504 reguiam
780 2465 788 2492 ,
805 2417 1000 2496 divinorum,
1021 2437 1067 2481 rn-
1101 2421 1214 2482 malum
1230 2417 1289 2504 ιβ,
1307 2415 1359 2500 effe
1383 2415 1487 2480 bonurn
1511 2420 1711 2485 credatur...
1734 2437 1769 2480 ne
1784 2417 1815 2478 ιιι
1834 2435 1869 2479 ea

303 2519 412 2577 quam,
429 2501 526 2578 legum
547 2494 744 2578 offertionem.
767 2495 807 2560 Et
826 2497 962 2576 sequitur
983 2498 1070 2566 obse:
1120 2519 1166 2560 ιιι·
1185 2495 1300 2576 agenda
1322 2518 1379 2562 non
1392 2495 1484 2580 surii,
1504 2519 1540 2566 ru
1558 2497 1607 2564 ido
1619 2495 1804 2579 praecipiter.
1828 2495 1868 2558 Et

301 2578 497 2672 crand9,ne
519 2575 715 2642 attendamus
731 2576 768 2639 ad
785 2575 815 2640 id
834 2580 912 2654 quod
929 2579 999 2642 hnic
1016 2577 1065 2642 vel
1101 2519 1206 2641 bmilia
1235 2577 1325 2641 habet
1354 2577 1492 2642 §.Pater
1517 2517 1567 2643 lib.
1602 2599 1628 2643 ι.
1653 2579 1691 2644 de
1720 2573 1877 2668 Bapiilmo,

301 2657 349 2722 illl
372 2657 513 2730 videtur,
534 2655 582 2721 sed
603 2676 620 2720 a
639 2653 803 2733 Scripturis
833 2660 937 2722 omnia
969 2661 1067 2736 inqui.
1101 2667 1209 2722 con'tra
1231 2653 1426 2722 Donatillas.
1449 2659 1526 2734 Quis
1547 2677 1637 2738 neget
1654 2655 1866 2722 Probabrlrlla·

302 2757 405 2804 tamus
447 2733 532 2800 idell
562 2737 594 2802 in
618 2733 714 2800 dubiis
738 2739 819 2802 circa
847 2757 893 2800 res
921 2759 1067 2815 morum,
1102 2759 1169 2804 rum
1184 2757 1340 2816 errorem,
1361 2735 1635 2816 deceptionemque
1664 2741 1695 2800 in
1722 2733 1871 2820 verisimi-

303 2837 378 2883 num
398 2786 508 2896 aliquid
524 2815 643 2882 licitum
665 2814 700 2880 srt
716 2816 778 2880 -uei
803 2816 966 2897 illicitum,
988 2823 1069 2885 veri·
1104 2818 1123 2881 li
1142 2817 1307 2894 opinione,
1327 2831 1364 2880 ut
1382 2813 1425 2880 cii
1446 2820 1552 2906 opinio
1566 2823 1665 2882 minus
1686 2812 1870 2894 probabilis,

301 2907 352 2963 rai
367 2901 547 2976 exquiritur
562 2915 601 2959 err
617 2893 807 2975 Scripturis,
838 2914 873 2960 ut
901 2897 1068 2976 deprehen·
1092 2919 1190 2974 nuans
1211 2897 1240 2960 lii
1261 2895 1450 2973 sequuntur;
1472 2899 1523 2976 qui
1545 2919 1616 2962 corn
1644 2897 1798 2975 negligant
1821 2895 1870 2954 vi·

301 2976 407 3042 damus
425 2975 495 3056 quid
522 2997 541 3041 a
565 2975 629 3054 lege
654 2976 760 3041 divina
784 2973 1004 3043 interdicatur.
1027 2978 1068 3041 Et
1105 2977 1265 3060 pallantiam
1278 3021 1288 3053 ,
1303 2974 1336 3042 bt
1357 2992 1500 3040 attentos
1520 2979 1582 3039 elle
1598 2971 1683 3041 sicuti
1701 2974 1808 3035 debent
1831 2989 1879 3036 ne

301 3053 441 3136 incisu,
460 3056 537 3134 quod
556 3055 651 3122 adhuc
672 3055 798 3122 evidens
815 3059 932 3122 veritas
950 3059 1068 3123 obtine·
1104 3058 1332 3134 deceptionem,
1358 3075 1554 3134 erroremque
1571 3060 1601 3118 in
1621 3056 1770 3133 opinionis
1788 3051 1871 3114 dele·

301 3141 328 3203 ri
350 3151 498 3214 nequeat,
519 3140 589 3212 quia
606 3155 737 3214 utraque
757 3154 845 3214 parte
853 3137 989 3202 militant
1002 3148 1068 3218 gra·
1102 3137 1150 3200 eiu
1168 3138 1348 3209 incurrant,
1362 3136 1393 3197 in
1411 3133 1462 3198 sua
1481 3137 1660 3213 deceptione
1681 3127 1875 3194 inexcusabi-

302 3219 356 3282 via
377 3219 527 3293 rationis,
548 3235 583 3282 ac
603 3213 789 3281 lubioritatis
805 3235 978 3298 momenta,
993 3235 1067 3284 tunc
1105 3217 1148 3294 les
1165 3209 1353 3280 redduntur?

303 3315 344 3361 ne
375 3318 393 3362 a
423 3293 591 3374 prudentiae
625 3297 732 3376 regula
769 3297 941 3362 recedamus
970 3347 978 3375 ,
1013 3314 1067 3362 rre-
1143 3289 1408 3360 Probabilillarum
1427 3313 1563 3360 errorem
1578 3297 1667 3360 nimis
1691 3309 1797 3370 aperte
1817 3289 1873 3354 de·

304 3395 356 3440 mo
381 3395 442 3440 oon
471 3377 588 3453 videt,
616 3375 825 3455 verisimilius,
842 3375 891 3442 leu
911 3381 1004 3458 magis
1022 3399 1070 3442 ra·
1104 3374 1250 3440 moniltat
1278 3375 1374 3439 etiam
1401 3375 1430 3438 S.
1455 3375 1657 3453 bernardus,
1681 3375 1732 3450 qui
1756 3369 1803 3436 lib.
1832 3369 1876 3433 de
1902 3398 1908 3406 =

305 3459 385 3523 tioni
407 3455 605 3536 consonum,
636 3475 670 3520 ac
701 3458 759 3534 legi
788 3454 893 3522 savena
918 3477 971 3521 nos
990 3456 1069 3536 sequi
1103 3451 1223 3536 dispens.
1245 3475 1311 3530 cap.
1336 3473 1382 3536 ¹4
1403 3455 1516 3534 docet,
1537 3457 1573 3520 ad
1593 3453 1703 3520 bonam
1725 3447 1872 3538 astionem

304 3535 431 3614 debere,
447 3540 571 3599 minime
588 3549 663 3601 vero
679 3535 756 3613 quod
773 3535 815 3600 est
836 3541 934 3600 minus
959 3535 1072 3613 proba-
1105 3533 1391 3612 requiri-veritatem
1412 3534 1445 3599 in
1464 3534 1619 3613 classicae,
1638 3531 1810 3599 charitalem
1837 3547 1873 3590 m

305 3612 508 3696 bile,iavens
534 3615 673 3680 libertati
701 3635 810 3682 contra
838 3616 933 3696 legem
949 3621 966 3693 ,·'
993 3621 1069 3685 alias
1104 3615 1291 3692 inieniioae3
1323 3609 1479 3688 proscribit
1509 3632 1543 3678 ιιι
1562 3611 1718 3686 vitiosas,
1748 3609 1780 3674 bt
1801 3607 1874 3670 ideo

306 3697 456 3776 quomodo
479 3693 581 3762 sedulo
602 3699 788 3774 veritatem,
806 3693 881 3762 sicut
901 3699 1067 3774 praelcribit
1103 3694 1266 3772 culpabiles
1284 3691 1433 3770 abliones,
1452 3714 1523 3768 quar
1541 3709 1583 3756 ex
1605 3690 1678 3756 falsa
1699 3693 1873 3777 opinione,

304 3777 335 3844 S.
352 3774 485 3854 Dostor,
501 3779 532 3840 in
548 3797 581 3843 re
603 3779 683 3840 tanti
706 3779 852 3842 momenti
880 3798 936 3842 nos
965 3783 1069 3855 eisqui·
1103 3777 1244 3853 quamvis
1266 3771 1431 3850 probabili,
1461 3767 1711 3844 proficiscuntur:
1733 3769 1774 3832 Ui
1792 3783 1873 3830 ime·

306 3877 373 3923 rere
390 3858 447 3920 dici
469 3853 608 3932 poterit?
625 3853 665 3920 Et
686 3856 797 3921 clarius
813 3857 842 3919 S.
866 3855 980 3922 Doiior
990 3859 1069 3922 idem
1104 3854 1163 3920 sior
1177 3855 1276 3918 oculus
1291 3854 1414 3941 roerefii
1458 3853 1555 3929 mpiex
1576 3852 1589 3929 (
1608 3857 1651 3916 ait
1671 3850 1701 3914 S.
1723 3845 1878 3939 Dostor)

298 3935 489 4006 ‘demonstrat
511 3935 593 4001 hom.
608 3959 656 4018 44
674 3939 705 4000 ln
725 3935 842 4002 Marti.
860 3935 909 4002 ubi
930 3940 1069 4018 exemplo
1103 3936 1160 3999 duo
1184 3933 1231 3996 iiii
1246 3928 1369 3995 arbitror
1388 3953 1403 3995 c
1424 3954 1439 3996 c
1459 3927 1613 4012 necesaria
1626 3980 1634 4006 s
1649 3930 1823 3994 Charilam
1839 3943 1874 3987 Μ

306 4015 391 4080 illius
406 4019 457 4092 qui
475 4013 591 4080 vestem
607 4035 763 4094 empturus
783 4022 894 4092 quaerit
916 4019 995 4082 inter
1007 4021 1069 4095 plu·
1104 4013 1284 4090 intencione,
1300 4013 1339 4077 (5
1356 4011 1389 4075 ln
1404 4011 1541 4077 titillor?
1559 4012 1737 4076 willelm
1758 4006 1876 4097 Nffmss

307 4098 575 4174 resnegotiatores
586 4115 622 4162 ut
634 4099 771 4160 inveniat
792 4097 933 4160 meliores
950 4097 1067 4175 velles,
1103 4091 1207 4156 boam
1221 4090 1340 4170 quidem
1355 4091 1465 4170 diligar
1477 4141 1484 4170 ,
1496 4091 1553 4170 sed
1569 4111 1675 4156 uerum
1691 4109 1746 4152 non
1764 4093 1872 4166 eligat,

307 4177 341 4244 bt
361 4179 461 4253 pretio
478 4178 581 4240 viliori
597 4177 829 4254 conparandas,
846 4175 935 4238 docet
947 4197 1070 4254 oporte·
1103 4169 1187 4236 babet
1200 4170 1322 4258 *quidem
1343 4171 1444 4238 zelum
1473 4171 1556 4248 Dei,
1573 4169 1629 4250 sed
1642 4191 1697 4232 non
1709 4166 1876 4255 secandune

305 4279 338 4322 re
355 4276 409 4321 nos
426 4271 544 4334 quoque
560 4255 707 4320 Dodiorer
728 4259 856 4320 circuire
879 4251 913 4319 dc
937 4259 1069 4333 inquire·
1098 4251 1277 4334 iriensium,
1307 4249 1348 4315 (7
1375 4249 1467 4330 ”escili
1488 4251 1733 4330 lssfmadmmm
1758 4245 1870 4332 ‘mi

306 4355 340 4401 re
357 4383 367 4416 ,
386 4334 435 4402 ubi
457 4337 572 4418 finctio
595 4335 713 4402 veritas
732 4333 839 4416 consti
853 4334 1070 4404 vendatur&
1103 4331 1243 4396 oerirnis
1256 4349 1331 4394 ocra
1351 4329 1403 4421 elie
1415 4333 1576 4412 poffiicum
1585 4325 1877 4416 faiſsiq'itstmli’i'ss

304 4414 355 4480 aii
374 4431 528 4495 meropia,
547 4413 588 4483 Θ
615 4415 758 4481 veriorem
789 4415 899 4494 eligere
914 4419 1070 4495 piusquam
1104 4425 1168 4475 ias.
1188 4411 1289 4474 Volent
1309 4411 1431 4487 denique
1457 4411 1624 4474 adorram
1648 4405 1803 4496 discipulos
1828 4422 1879 4466 rra-

305 4494 533 4640 urfb'mrnium.
554 4496 657 4561 Nemo
684 4493 846 4561 evidenter
868 4517 928 4558 non
956 4497 1071 4576 videt,
1097 4490 1436 4572 struereſsmili'ci'laelem
1453 4490 1593 4570 Magistra
1620 4500 1763 4552 viriles*
1796 4483 1880 4560 51⁷⁰·

307 4574 558 4654 solicitudinem,
576 4593 666 4652 quam
687 4575 755 4638 vult
775 4578 829 4638 cit.
846 4575 875 4635 S.
897 4573 1071 4652 Dotorpro
1105 4584 1152 4660 ie,
1175 4574 1295 4645 finiuit,
1311 4573 1467 4647 liudem!
1482 4573 1557 4648 strui
1571 4567 1743 4658 [Nienms
1760 4559 1882 4640 &fim-
1929 4601 1935 4612 ·

307 4659 494 4722 invenienda
510 4652 620 4720 Christi
638 4657 775 4720 veritate
796 4653 831 4716 ad
850 4675 968 4718 morum
978 4657 1069 4720 irone·
1102 4650 1192 4727 pilcis
1208 4652 1284 4731 ficui
1304 4647 1456 4713 coiumbae.
1478 4651 1627 4734 Promisti
1649 4667 1713 4726 0¹3⁰
1761 4643 1881 4730 'idm‘

305 4737 415 4803 slatem
436 4753 497 4800 non
514 4733 776 4812 adhibereillum,
804 4737 856 4811 qui
880 4733 1068 4810 anrpleiiitur
1103 4730 1177 4793 iiam
1190 4731 1269 4807 ‚fine
1285 4751 1343 4809 qua
1359 4729 1502 4793 nemim*
1517 4727 1595 4805 laiss
1614 4727 1667 4808 ess?
1680 4745 1715 4804 ΡΟ
1736 4717 1879 4801 ‘diliis‘

302 4835 460 4896 tamquam
474 4815 612 4895 regulam
628 4815 676 4896 id,
697 4815 777 4892 quud
796 4831 830 4880 ut
848 4817 945 4882 minus
963 4815 1067 4895 proba·
1102 4829 1162 4876 cem
1183 4807 1297 4891 irim.
1326 4809 1474 4892 Quomodo
1496 4807 1623 4886 denique
1653 4825 1724 4872 torre
1748 4801 1877 4943 rimer
