4058 5460
366 259 440 334 3ta
592 239 943 324 Tnacrarus
984 255 1050 307 nc
1090 229 1370 308 Pacearrr
1407 232 1530 308 Cae.
1559 234 1604 306 ll·

313 351 417 402 torum
435 336 537 403 venia
561 337 759 413 petitionem,
776 353 897 400 necnon
915 353 967 412 per
982 350 1077 396 omne
1189 335 1284 396 orans
1299 330 1738 420 ,Zmdar,fidenr,corseffur
1752 343 1877 426 ,Danu

309 415 461 480 honorum
480 435 555 494 opus
576 413 711 494 fastum,
726 415 761 482 dc
780 416 847 479 Deo
867 413 903 478 ad
920 413 1014 478 talem
1042 410 1078 476 fi·
1229 413 1427 476 Benedictus.

247 503 249 508 '
308 515 380 559 nem
410 495 576 560 oblatum.
610 495 762 558 Delentur
793 493 931 562 similiter
952 507 1077 572 peccata
1147 493 1241 555 Orant
1261 492 1390 556 denotat
1407 493 1623 570 qnotidianam
1636 491 1800 562 Chrisliani
1822 521 1877 577 pp·

310 575 446 640 venialia
463 579 494 640 in
514 577 641 640 homine
660 572 737 638 lullo
753 594 806 652 per
835 571 936 637 aslum
963 569 1076 639 forma-
1110 570 1172 644 nuli
1197 574 1397 647 orationem,
1424 571 1642 648 &prasertim
1657 573 1879 646 Dominicalem

307 654 370 717 lem
390 655 569 722 amorisDei
581 654 666 732 super
685 659 808 728 omnia,
827 673 888 730 quo
906 653 1076 727 Deusprae-
1111 653 1203 716 Prier
1218 652 1309 729 auser
1323 649 1383 714 &c
1406 651 1444 713 de
1463 671 1522 726 qna
1546 652 1660 716 dicitur
1687 671 1753 732 cap.
1784 673 1813 737 3.
1842 662 1881 728 de

234 739 237 748 “
307 727 565 798 serturomnibus
596 734 721 797 omnino
751 731 840 797 rebus
871 733 898 796 ci
917 729 1076 806 displicitis
1107 729 1288 806 quotidianis
1313 776 1322 804 ,
1352 731 1388 794 de
1415 730 1617 808 Pereuntia,
1647 731 1712 796 dist.
1741 750 1771 813 3.
1798 740 1882 820 Quo.

309 829 374 876 tam
391 813 636 889 levibus,quam
653 811 813 891 gravibus.
837 808 1229 878 lullusenimeoiiidrcna
1262 808 1354 874 oratio
1387 811 1523 887 fideliam
1556 809 1706 890 satisfacit
1734 839 1744 878 .·
1776 817 1880 882 elram

205 885 208 894 ¹
305 891 370 968 ipso
391 891 469 970 quod
479 897 590 956 amoris
608 889 672 954 assu
684 891 714 954 se
725 890 962 966 Deoablolute,
981 909 1076 966 acpe·
1090 879 1145 966 ῗεβ
1164 889 1245 954 enr'm
1264 890 1386 955 dicere:
1408 893 1500 954 Pater
1517 892 1608 968 noster
1627 890 1679 968 qui
1697 915 1729 955 es
1750 895 1879 962 incelis

301 975 386 1036 nitus
407 969 523 1037 subiicit
535 971 643 1036 volens
654 971 704 1048 ipsi
716 975 746 1033 in
760 969 1073 1054 aslionibusotnnibus
1107 967 1173 1033 (π.
1189 969 1273 1032 Deles
1296 969 1411 1033 omnino
1430 970 1492 1035 sier
1506 969 1597 1034 orario
1612 972 1739 1034 minima
1757 973 1878 1054 &qum

301 1051 424 1128 placete
438 1099 447 1127 ,
463 1051 741 1129 acobremperare,
760 1050 927 1130 impliciter
945 1050 1070 1122 saltem,
1089 1048 1222 1114 itiam
1240 1061 1355 1126 peccata
1376 1095 1383 1110 .
1413 1050 1486 1114 Hoc
1509 1049 1666 1114 deducitur
1697 1055 1800 1135 Tunfio
1826 1073 1879 1133 pe·

301 1128 341 1194 &³
361 1132 561 1209 virtualiter,
582 1129 752 1204 detellatur
783 1147 911 1206 peccata
939 1131 1042 1192 omnia
1064 1128 1213 1205 ,corin
1236 1127 1360 1194 Tiresias
1377 1127 1523 1208 significat
1556 1128 1753 1204 aspersionem
1783 1155 1877 1210 aqtoe

142 1269 165 1288 s
198 1271 205 1276 ,
304 1229 367 1272 non
396 1211 540 1274 mortalia
566 1208 690 1286 solum,
713 1209 761 1272 led
788 1213 884 1273 etiam
906 1208 1072 1284 venialia,
1106 1206 1296 1284 benedislae,
1324 1209 1361 1270 de
1386 1229 1444 1282 qua
1477 1229 1542 1284 rap.
1623 1229 1694 1272 m
1715 1213 1876 1290 decuisse·

304 1307 397 1364 prout
417 1293 520 1353 omnia
542 1290 608 1353 Deo
625 1290 804 1367 displicent,
821 1309 856 1352 ac
876 1289 1002 1366 proinde
1024 1305 1068 1350 ta·
1104 1301 1176 1350 crat.
1193 1285 1255 1368 disi.
1269 1303 1297 1366 3.
1315 1287 1385 1351 Huc
1395 1287 1553 1352 reducitur
1563 1309 1604 1351 un
1636 1295 1875 1358 'ocaerernonia·

265 1426 267 1436 ‚
304 1367 340 1433 lis
359 1366 439 1432 aslus
473 1365 593 1445 perfecti·
628 1373 739 1432 amoris
766 1366 882 1443 semper
908 1369 947 1431 ad
967 1367 1141 1434 omniarlrs
1168 1373 1200 1427 in
1236 1366 1419 1444 Regem&
1446 1367 1557 1430 similes
1584 1367 1766 1432 messiones.
1789 1371 1876 1437 Item

262 1450 265 1458 ’
302 1446 334 1511 se
350 1448 491 1512 extendit
510 1495 521 1527 ,
549 1467 643 1523 atque
672 1451 778 1512 omnia
806 1446 888 1512 delet
908 1447 1071 1512 secundum
1087 1443 1255 1520 'impositio
1273 1451 1381 1510 cineris
1401 1445 1571 1522 benedieti«,
1588 1455 1654 1522 que
1681 1448 1715 1512 lit
1743 1448 1870 1532 terina.

159 1649 198 1700 lix
212 1657 289 1707 overe

158 1721 269 1758 001ἰὶῘο

159 1773 272 1823 venialia

161 1849 267 1910 peccata

160 1911 295 1958 ΙΜΙΒΜ,

54 1989 61 2003 ·
160 1975 204 2014 [uf
213 1994 222 2014 a

160 4162 268 4198 eramen

156 4213 223 4261 ealia
250 4213 284 4261 ita

161 4277 291 4331 dicantur.
322 4314 328 4326 .

300 1527 401 1602 cnlpae
419 1545 563 1592 reatum.
581 1528 630 1592 lta
647 1530 867 1593 communiter.
1085 1525 1267 1640 'Cinctum
1289 1528 1387 1590 Edem
1416 1525 1465 1590 lnc
1484 1526 1634 1604 significat
1656 1575 1664 1602 ‚
1695 1546 1729 1590 ur
1754 1533 1872 1593 intelli·

346 1606 392 1669 Ex
412 1625 502 1683 opere
527 1626 603 1672 vero
626 1625 754 1685 operato
782 1607 918 1672 venialia
939 1621 1065 1685 peccata
1087 1622 1180 1682 .gtrnt
1197 1608 1309 1682 aliqui,
1328 1606 1449 1684 dignam
1470 1607 1561 1670 sacra
1577 1605 1772 1692 Eucharistiae
1788 1658 1795 1682 ‚
1813 1614 1874 1672 im·

304 1687 509 1751 remittuntur
539 1707 592 1762 pet
619 1688 818 1752 Sacramenta
846 1691 950 1752 omnia
977 1707 1068 1752 nouae
1086 1691 1089 1734 s
1104 1686 1322 1750 tnocuiusltbet
1341 1685 1531 1749 Sacramenti
1553 1687 1787 1765 susceptionem.
1809 1688 1873 1753 Ve-

306 1766 381 1845 legis
396 1786 466 1829 cum
484 1764 588 1830 debita
600 1764 793 1844 dispositione
806 1762 965 1843 suscepta,
985 1769 1071 1829 dum·
1105 1786 1178 1827 rum
1199 1765 1257 1830 ltoc
1285 1785 1346 1826 non
1375 1783 1441 1828 ram
1462 1766 1587 1850 videtur
1607 1763 1738 1840 speslare
1758 1767 1796 1830 ad
1813 1767 1873 1830 Sa·

305 1845 397 1908 modo
420 1861 524 1910 tamen
547 1846 650 1910 nullus
666 1844 822 1922 formalis,
844 1848 895 1909 vel
923 1846 1069 1911 virtualis
1102 1843 1299 1908 crementalia
1312 1891 1323 1922 ,
1337 1865 1429 1920 quam
1439 1846 1475 1908 ad
1488 1845 1548 1919 ipsa
1570 1844 1780 1912 Sacramenta.
1801 1844 1874 1909 Un-

304 1923 344 1988 ad
364 1945 401 1989 ea
417 1943 527 2004 urgeat
544 1923 690 2002 affcdus5
712 1924 751 1988 sic
776 1926 804 1986 S.
838 1925 974 1989 Thomas
995 1948 1021 2001 p.
1042 1941 1067 2004 3.
1101 1924 1140 1986 de
1160 1924 1210 1986 alii
1233 1943 1284 1998 pet
1310 1927 1343 2006 ly
1363 1925 1451 1989 edens
1468 1925 1641 2002 intelligunt
1658 1926 1876 1998 devotampa·

303 2026 331 2080 q.
352 2004 400 2082 87.
424 2027 450 2068 a.
475 2020 503 2085 3.
522 2004 554 2069 dc
575 2003 617 2067 eli
634 2009 807 2070 communis
828 2007 1004 2068 Sanllurum
1013 2008 1067 2067 Pa·
1104 2005 1151 2064 nis
1166 2000 1313 2066 benedieti
1330 2006 1620 2079 manducationem,
1650 2002 1686 2068 dt
1713 2003 1872 2068 huiusmo-

297 2101 385 2154 rtum
403 2082 438 2146 dt
458 2081 624 2146 Dodornm
653 2090 724 2160 quia
750 2091 852 2148 omnia
872 2087 1069 2149 Sacramenta
1103 2083 1131 2143 di
1142 2126 1151 2142 .
1170 2081 1205 2144 ln
1233 2083 1385 2148 vocabulo
1409 2079 1552 2162 consessus
1577 2085 1764 2160 intelligitur
1780 2103 1866 2146 com·

296 2181 393 2227 novae
414 2163 484 2239 legis
505 2164 645 2228 inllituta
667 2163 736 2227 l'unt
771 2167 807 2227 ad
838 2163 1068 2229 landificandas
1102 2164 1235 2226 munster
1257 2159 1410 2225 Conleffio
1436 2161 1624 2236 Generalis,
1649 2181 1716 2238 qoae
1733 2163 1765 2224 in
1787 2161 1870 2228 lune

298 2244 417 2306 animas
449 2239 566 2306 noslras
589 2263 628 2306 etr
661 2263 750 2319 opere
780 2263 934 2318 operato,
959 2241 1068 2319 easque
1102 2239 1194 2304 finem
1216 2239 1252 2304 ab
1272 2238 1404 2304 Ecclesia
1428 2240 1566 2304 instituta
1595 2241 1636 2304 eli
1658 2289 1667 2316 ,
1692 2259 1727 2304 ut
1748 2243 1870 2305 dicator

296 2317 430 2400 perfecte
444 2322 641 2398 disponendas
663 2325 699 2386 ad
720 2341 837 2390 eternae
854 2325 959 2386 salutis
995 2342 1068 2385 con·
1103 2325 1134 2382 in
1169 2321 1315 2396 principio
1351 2321 1450 2384 Mina
1482 2339 1573 2397 atque
1601 2319 1655 2384 sub
1681 2322 1808 2397 Prima,
1831 2317 1869 2385 &

302 2400 511 2477 secutionem,
528 2403 686 2466 acideoad
708 2403 851 2466 tollenda
869 2403 1066 2480 impedimen·
1102 2398 1333 2476 Complatori03
1352 2399 1424 2464 idesl
1436 2447 1444 2477 ,
1458 2403 1598 2482 Confiteor
1612 2399 1869 2476 Deootnrrt'pnlen·

303 2499 338 2546 ta
359 2483 484 2557 omnia,
504 2501 573 2557 quae
601 2483 697 2548 talem
723 2481 965 2546 consecutionem
995 2501 1068 2556 quo·
1102 2478 1127 2541 ii
1142 2475 1203 2544 dcc.
1222 2483 1306 2542 Dares
1325 2479 1457 2542 denotat
1480 2479 1680 2562 eleemosyna
1707 2480 1866 2554 elargitio-

299 2561 451 2636 quomodo
472 2561 615 2636 impedite
644 2562 792 2626 valeant.
817 2564 975 2638 Qrocirca
999 2581 1067 2624 cnm
1083 2617 1087 2660 Ι
1102 2577 1181 2645 nem¹
1204 2561 1289 2624 iuxta
1316 2558 1391 2646 illud
1420 2558 1526 2624 Tobiae
1555 2582 1583 2637 4.
1615 2557 1795 2637 Eleemosynae
1829 2555 1866 2618 ai

297 2657 422 2716 peccata
433 2641 818 2705 venialiaaconlccutione
834 2642 1067 2706 retardenrroe·
1101 2656 1179 2699 omni
1195 2648 1307 2714 peccato
1334 2639 1454 2714 scierat,
1482 2641 1669 2704 &Danielis
1692 2661 1720 2716 4.
1749 2649 1865 2715 peccata

296 2719 378 2784 sellis
393 2719 522 2804 gloriae,
542 2721 635 2784 deleti
663 2720 773 2784 debent
792 2742 844 2798 per
870 2721 1067 2786 Sacramenta
1102 2729 1154 2782 tua
1174 2717 1357 2796 eleemosynis
1372 2719 1502 2795 redime,
1517 2719 1550 2783 dt
1570 2719 1665 2782 alibi.
1683 2719 1756 2780 Huc
1775 2718 1865 2779 tedu-

296 2799 387 2876 digne
403 2796 560 2876 suscepta.
1100 2815 1212 2860 cuntur
1233 2815 1345 2862 caetera
1361 2795 1575 2862 misericordiae
1589 2815 1680 2872 opera
1697 2813 1766 2860 turn
1782 2797 1869 2870 spiri·

337 2875 461 2952 Insuper
482 2880 826 2944 venialiaremittuntur
846 2879 1064 2944 secundumre·
1102 2875 1213 2950 tualir,
1237 2894 1304 2940 rum
1327 2877 1524 2952 corporalia.
1555 2875 1657 2941 Verbo
1684 2875 1867 2940 Benedictus

298 2957 393 3034 liquos
414 2977 454 3020 ex
474 2978 565 3035 opere
585 2978 713 3036 operato
735 2981 788 3036 per
805 2958 1067 3034 sacramentalia,
1102 2958 1242 3018 innuitur
1271 2954 1439 3019 benedidio
1466 2955 1637 3034 Episcopi,
1668 2955 1720 3018 vel
1737 2953 1868 3018 Abbatir

299 3055 420 3102 remote
441 3055 563 3116 tamen,
585 3039 617 3102 dt
635 3040 784 3115 mediate,
805 3058 954 3116 quatenns
978 3055 1064 3100 nem·
1098 3035 1268 3098 consecrati
1295 3035 1373 3098 alios
1408 3038 1643 3112 benedicentis,
1672 3052 1710 3097 uc
1729 3035 1869 3110 explicat

298 3135 335 3194 pe
355 3135 408 3195 per
430 3135 532 3192 precer
563 3118 701 3184 Ecclesiae
725 3119 838 3184 iunctas
855 3120 942 3182 rebus
962 3117 1067 3179 Sacra·
1100 3115 1254 3178 Bonacina
1279 3116 1406 3178 citando
1431 3117 1531 3192 plures
1562 3116 1640 3177 alios
1666 3160 1675 3189 ,
1712 3109 1746 3176 dc
1777 3127 1867 3176 tenet

295 3195 481 3260 mentalibus
503 3197 703 3271 pientissimus
722 3216 867 3264 movetur
883 3199 964 3260 Deus
987 3193 1066 3274 (etsi
1099 3193 1206 3257 Glolla
1226 3195 1255 3254 in
1273 3196 1427 3260 Prooemio
1442 3195 1528 3259 Sexti
1551 3192 1766 3266 Decretasr'rua,
1794 3209 1869 3281 uer·

297 3295 360 3340 non
382 3271 609 3352 infallibiliter)
630 3299 665 3340 ac
688 3281 718 3338 in
747 3277 830 3341 nobis
855 3283 976 3340 excitat
1002 3276 1067 3350 pios
1100 3272 1134 3336 stt
1172 3271 1425 3350 benedicimur»,
1453 3274 1502 3338 ubi
1530 3274 1595 3349 sict
1619 3292 1674 3350 per
1701 3269 1870 3358 benedidic-

295 3353 368 3420 illos
396 3371 526 3431 motus,
552 3356 656 3432 quibus
674 3377 791 3420 annexa
823 3357 865 3419 ell
899 3354 1067 3421 venialium
1099 3373 1169 3442 nem
1199 3351 1329 3417 Praelats
1353 3353 1459 3418 deuon
1482 3352 1647 3434 susceptam
1672 3351 1807 3418 venialia
1823 3367 1873 3414 rc·

297 3433 435 3500 remiffio
445 3482 454 3512 ,
472 3439 638 3510 patrimae
659 3457 750 3512 opere
763 3439 941 3513 operantis,
961 3451 1067 3510 quate·
1096 3444 1282 3498 militamur.

299 3531 357 3578 nus
378 3512 471 3578 homo
490 3517 527 3576 iis
545 3515 823 3582 Sacramentalibus
845 3521 892 3592 pie
916 3519 1019 3580 utitur
1034 3515 1066 3577 in

297 3593 519 3659 remediumac
539 3593 743 3660 remissionem
774 3599 897 3661 luorum
927 3611 1067 3670 peccato-
1247 3590 1273 3652 C
1313 3592 1342 3655 Α
1384 3594 1406 3656 Ρ
1444 3591 1476 3654 U
1514 3591 1546 3656 T
1586 3639 1588 3644 .
1628 3588 1714 3652 111.

296 3693 472 3746 enimcum
490 3676 545 3750 piis
565 3675 699 3738 motibus
718 3676 1065 3756 displicentiaepeccato
1157 3744 1160 3749 ,
1543 3747 1562 3761 ..
1658 3747 1663 3759 ⁸
1713 3747 1718 3757 ¹

301 3773 387 3828 rum,
401 3750 605 3818 conversionis
621 3757 653 3818 in
672 3757 774 3820 Deum
798 3806 809 3835 ,
828 3760 937 3821 antoris
957 3803 965 3828 ,
992 3759 1065 3818 ado-
1182 3757 1225 3815 De
1245 3752 1379 3815 Peractis
1391 3798 1400 3826 ,
1413 3747 1469 3828 sere
1485 3751 1576 3814 Vrtur
1591 3746 1790 3830 Captiastbrtr.

300 3835 450 3908 rationis,
468 3832 503 3898 dt
520 3833 708 3898 huiusmodi.
727 3839 768 3904 Et
791 3840 835 3902 ita
856 3839 982 3900 videtur
1002 3836 1066 3894 sen·
1409 3843 1415 3850 '

297 3915 360 3976 tire
386 3911 416 3974 S.
443 3911 582 3976 Thomas
611 3937 637 3990 p.
669 3931 697 3994 3.
748 3963 756 3979 .
789 3916 837 3997 87.
871 3937 898 3977 a.
916 3930 944 3994 3.
974 3912 1065 3978 &est
1158 3909 1313 3972 Raeterex
1338 3904 1872 3986 ofitaspeccarorumdivisronesso·

294 3993 491 4057 comntunior
505 3991 674 4057 Dosiorum
696 3940 773 4059 rese
789 3991 1006 4059 Reiffenliucl.
1176 3933 1336 4051 lemnised
1345 3987 1450 4053 divisio
1458 3991 1596 4053 mortalis
1606 3991 1722 4065 peccati
1745 3989 1776 4047 in
1788 3989 1869 4050 viria

300 4169 340 4214 eo
381 4151 431 4214 uia
444 4146 563 4212 soleant
581 4150 714 4216 adhiberi
738 4154 775 4217 ad
799 4155 1065 4218 sacramenrorum
1100 4145 1420 4225 teromm,&septem
1430 4169 1556 4213 numero
1566 4145 1772 4222 recensentur,
1781 4164 1867 4208 nem-

300 4171 546 4305 codeslionem,
566 4230 616 4294 vel
633 4232 907 4310 ministrationem,
923 4250 958 4296 ut
988 4231 1063 4292 Crn·
1100 4247 1135 4301 pe
1144 4227 1290 4304 Superbia
1301 4275 1310 4302 ,
1321 4229 1481 4308 Avaritia,
1498 4228 1593 4298 Gulla
1605 4275 1614 4303 ‚
1626 4227 1784 4303 Luxuria,
1800 4224 1868 4301 lta,

1907 3945 2016 4019 Qua-fir

1886 4019 2023 4076 qoorlrtt,

157 4084 292 4139 ucdesr.
337 4067 581 4134 Sacramentalia
604 4093 680 4136 vero
700 4073 739 4138 stc
759 4075 922 4151 dicuntur,
946 4073 998 4136 vel
1026 4090 1064 4133 ex
1098 4067 1871 4149 capitalia,quaesuntlcaturigines,&principiacae-
1891 4079 2023 4130 peceant

1884 4135 1983 4198 Qpita
1999 4135 2023 4184 -al

157 4341 250 4404 &qne
257 4353 292 4402 ,ac
302 4331 345 4374 crs
367 4307 560 4387 efformatio,
576 4309 803 4378 Benedislioncs
813 4314 996 4389 ,Orationes
1007 4307 1064 4372 Ec·
1098 4305 1238 4400 Invidia,
1253 4307 1387 4400 llccdia.
1409 4311 1567 4401 Dicuntur
1573 4305 1871 4402 autemcapitalia,
1886 4325 2000 4398 effen,

153 4400 279 4468 quatiar
301 4388 422 4466 clesrae,
442 4393 494 4454 vel
523 4410 563 4454 ex
591 4409 628 4454 eo
644 4396 712 4468 quia
739 4394 915 4468 aliqualiter
940 4389 1066 4467 sequan-
1097 4407 1243 4464 quonram
1264 4385 1301 4449 ab
1319 4386 1367 4449 his
1384 4407 1509 4462 peccata
1528 4387 1590 4452 alra
1613 4403 1763 4464 originem
1786 4383 1872 4448 suam
1890 4390 1953 4444 liae

304 4485 379 4544 tur,
397 4469 430 4533 dc
443 4471 604 4546 imitentur
619 4471 886 4550 sacramenrorum
895 4473 1065 4544 virtutem,
1100 4465 1230 4532 trahunt
1248 4467 1282 4530 ἀ
1297 4471 1368 4544 qnia
1389 4466 1483 4531 insiar
1504 4469 1614 4545 capitis
1636 4517 1644 4545 ,
1668 4465 1749 4541 quod
1763 4461 1873 4528 influit

302 4565 339 4612 ut
360 4546 487 4624 aspersio
515 4571 603 4628 aquae
634 4549 787 4620 lustralis.
809 4551 876 4616 ulus
894 4570 994 4613 renim
1014 4549 1066 4611 be·
1101 4553 1131 4610 in
1153 4545 1311 4621 membra,
1331 4543 1392 4622 ipsa
1423 4551 1454 4610 in
1481 4547 1542 4610 alia
1575 4561 1701 4624 peccata
1716 4545 1874 4610 malitiam

301 4624 488 4692 nedidlarum
508 4630 547 4692 ab
574 4629 733 4710 Ecclesra‚
765 4629 920 4696 Confessio
959 4647 1066 4693 encta·
1103 4623 1253 4690 inlinunt.
1277 4624 1549 4704 Exhitstquidem
1575 4625 1755 4702 capitalibus
1781 4625 1872 4689 vitiis

300 4704 367 4784 lis,
394 4703 524 4770 Pastoris
547 4711 694 4784 percussio
718 4760 726 4789 ‚
750 4713 851 4778 aliave
867 4651 1066 4787 huiusmodi,
1102 4707 1163 4769 alia
1194 4723 1320 4780 peccata
1349 4711 1493 4769 oriuntur
1526 4703 1688 4769 secundum
1715 4703 1873 4769 rationem

299 4805 372 4864 otte
385 4781 530 4864 ,sequenti
551 4787 701 4857 versiculo
720 4795 938 4860 continentur.
1101 4783 1217 4852 caussa
1233 4784 1333 4860 linaiis
1341 4807 1353 4864 ς
1370 4786 1442 4852 licet
1458 4786 1606 4854 nonulla
1620 4805 1660 4854 ea
1683 4785 1755 4851 aliis
1784 4781 1877 4927 acolei-
