4058 5460
239 290 242 298 v
364 257 535 331 Tuacr.
564 275 620 326 oe
649 252 932 326 Visruriuus
964 235 1265 326 riioioct'cis
1295 253 1390 330 Car.
1418 251 1448 325 l.
1564 271 1633 347 355

16 387 17 406 i
115 357 243 444 facient.
263 355 304 421 Et
318 351 347 422 S.
371 352 885 436 Augustinusrrae.x1.i'iinan-
920 349 980 412 Dei
1000 350 1229 429 adulterantes,
1249 351 1396 416 &errori
1418 347 1471 414 suo
1487 366 1522 412 ac
1537 353 1688 426 cupidita·

16 433 17 438 ’
119 461 187 505 rtem
211 439 332 515 inquit:
352 437 491 516 Quidrst
520 443 619 496 cunm
632 431 728 510 fides,
749 429 808 509 ni'fi
825 447 885 494 cre·
921 430 946 488 ti
968 427 1259 493 accoiii'niodantes.
1291 435 1396 510 Neque
1415 431 1494 495 eiiiiii
1517 441 1599 492 sicle
1612 427 1688 570 [unt

78 569 84 578 .
119 525 190 586 dere
216 518 295 598 quod
313 537 367 581 non
392 512 504 580 uiant
529 511 603 575 Fide
634 513 739 574 divina
770 509 833 573 illis
855 529 885 572 o·
920 507 1167 585 horrescimus
1194 507 1607 586 Augiininui,Trin.xv11
1626 551 1633 568 .
1652 509 1683 569 iri

119 597 242 662 mnibus
262 595 441 660 assentimur
461 611 530 670 qua:
545 591 631 654 Deus
652 589 827 664 revelavit,
852 585 885 648 si·
923 587 963 647 lo.
984 589 995 660 l
1016 587 1071 668 nist
1090 589 1163 672 duni
1186 591 1344 666 Scriptura·
1366 587 1446 653 sonae
1472 588 1685 667 intelliguntur

120 699 161 742 ve
179 680 335 755 praeterita
353 674 431 752 sitit,
445 667 703 750 sivepraesentia,
720 665 783 731 five
802 665 886 731 sutu-
920 687 978 729 soii
994 663 1084 755 leun
1103 675 1144 733 w
1160 668 1236 745 quud
1251 691 1305 732 non
1333 670 1402 732 beat
1423 670 1460 732 in
1476 668 1518 731 tis
1545 665 1684 745 intelligi·

119 779 175 821 ra:
198 754 317 832 illisque
335 755 467 818 firmiter
487 749 665 815 assentiendi
693 751 782 812 unica
807 749 886 810 tatio
920 757 988 822 nir,
1004 755 1095 810 eiiam
1111 757 1220 810 umere
1235 748 1276 814 Θ
1291 747 1586 890 ακὼᾶεναέενὶιαν.
1606 745 1683 809 Ter·

119 836 285 900 clidivina
306 830 552 899 atislotitasnEt
585 829 640 892 liat
662 829 813 904 praecipue
837 845 885 890 co·
922 829 986 900 tio,
1007 827 1078 902 quia
1100 825 1185 891 nobis
1207 847 1268 891 non
1288 828 1427 906 constat,
1486 822 1689 900 ripturames·

120 917 293 996 giracium,
313 916 356 977 ait
379 913 426 979 liic
448 911 573 991 Natalis
600 903 795 982 Alexander,
822 927 886 968 mu·
921 901 1099 968 {cunboni
1122 907 1200 983 Dei,
1219 906 1272 970 nisi
1291 907 1328 971 ab
1350 909 1455 984 aliqua·
1470 901 1689 970 infallibiliau·

120 997 188 1058 nire
208 991 238 1056 se
253 992 342 1056 debet
360 995 478 1055 animus
495 987 681 1052 Chrillianus
699 981 885 1055 adsersuto·
918 977 1065 1046 &oritate
1094 985 1301 1050 testimonium
1339 989 1375 1051 de
1413 987 1469 1050 lioc
1490 983 1684 1048 liabeuui.

121 1079 223 1138 mritin
244 1077 344 1136 carnis
375 1070 622 1148 cogitationem,
646 1085 713 1144 quas
736 1065 786 1129 vel
814 1085 886 1130 con·
921 1061 1003 1125 Natu
1021 1063 1223 1130 Haeterodoiti
1239 1066 1340 1144 plures
1357 1065 1454 1132 sacros
1473 1064 1563 1128 libros
1589 1065 1608 1125 'e
1634 1081 1687 1127 ca·

121 1148 387 1230 traria'suggerin
409 1147 459 1212 vel
481 1147 635 1226 religionis
659 1147 825 1209 veritatem
855 1147 887 1207 in
922 1159 1004 1205 none
1023 1143 1243 1223 excluserunt,
1264 1142 1532 1222 aliusquespurios
1551 1140 1687 1208 mouse-

16 1279 18 1282 -
119 1231 376 1297 dubiumvocat·
921 1237 1014 1284 runt.
1037 1221 1119 1286 Hinc
1139 1223 1303 1289 Manichael
1336 1229 1504 1289 reiecerunt
1534 1226 1687 1316 integrunt

138 1325 142 1336 ·
161 1311 285 1374 Dicitur
302 1307 423 1372 tandem
440 1301 566 1370 orioli}
583 1319 633 1382 per
645 1301 887 1383 Eccltfiaiiisuam
908 1317 1015 1363 ¹vetus
1029 1299 1279 1380 Testamentum,
1299 1303 1333 1370 ὰ
1355 1306 1452 1382 plures
1473 1321 1573 1381 partes
1589 1321 1685 1367 novi:

117 1385 267 1456 credenda
284 1381 448 1467 proposuit,
473 1401 508 1448 ut
537 1381 741 1464 significetur,
768 1385 888 1448 revela·
922 1379 1092 1442 Lutlittani
1120 1381 1154 1445 &
1180 1383 1357 1448 ciliiniliae
1387 1405 1466 1447 nune
1501 1387 1599 1448 'etiarn
1624 1401 1686 1446 non
1748 1431 1750 1434 -

119 1476 242 1534 tionem
263 1466 401 1530 divinam
427 1465 511 1528 nobis
531 1483 591 1528 non
618 1461 808 1526 innotescere
833 1459 886 1524 nisi
921 1462 1114 1523 conveniunt
1133 1464 1214 1525 circa
1235 1459 1398 1540 Epillolarn
1421 1463 1450 1523 S.
1467 1465 1565 1527 iacobi
1585 1483 1594 1546 ς
1614 1462 1686 1525 Cal·

117 1569 176 1625 per
193 1543 426 1622 propositionem
444 1540 605 1617 Ecclesiae,
622 1546 712 1606 iuxta
730 1541 804 1604 illud
831 1544 886 1603 tri·
923 1542 1012 1600 vinus
1026 1542 1109 1601 enim
1130 1559 1198 1606 tatii
1215 1558 1252 1604 ut
1270 1542 1394 1605 verbum
1416 1542 1476 1605 Dei
1497 1544 1629 1620 agnoscit
1652 1541 1686 1605 dt

114 1642 189 1690 'tum
206 1625 234 1686 S.
253 1619 413 1703 Augustini
436 1625 468 1686 iri
488 1621 538 1684 lib.
559 1638 667 1685 contra
685 1618 766 1698 episi.
784 1621 888 1684 Mani·
924 1635 1106 1695 veneratur,
1126 1617 1160 1684 dt
1181 1621 1333 1684 Liitlierus
1356 1622 1442 1685 illam
1457 1624 1574 1685 reiicit.
1598 1619 1688 1684 Tati·

117 1707 199 1767 cliaei
213 1750 222 1780 ,
237 1723 325 1780 quani
338 1719 450 1766 vocant
464 1699 653 1764 fundamenti
664 1719 726 1774 cap.
739 1719 769 1761 v.
784 1703 888 1784 Evan-
923 1696 991 1762 dem
1006 1715 1067 1759 non
1085 1699 1202 1774 pollent
1217 1700 1380 1762 Chrilliani
1402 1698 1526 1764 suadere
1538 1700 1689 1776 Ethnicis.

113 1783 198 1864 gelio
216 1801 271 1844 nuri
291 1781 453 1860 crederem,
473 1779 526 1862 rifi
545 1799 591 1844 itte
607 1779 888 1862 Ecclefiaecaslrolicae
923 1775 1149 1841 Mahiimetanis
1178 1783 1230 1854 qui
1256 1781 1328 1844 suat¹
1350 1778 1469 1844 labulss
1493 1778 1529 1844 dc
1560 1778 1687 1844 Astora·

115 1871 310 1926 commoveret
326 1859 501 1924 autiernus.
525 1857 647 1934 Duplex
664 1857 767 1924 antem
788 1859 831 1938 cll
851 1859 888 1922 li·
924 1877 997 1918 niun
1013 1857 1177 1932 scripture
1202 1873 1399 1936 anteponunt
1421 1907 1429 1934 ‚
1448 1855 1578 1922 eiusdem
1609 1859 1687 1922 Scri·

116 1937 172 2002 dei
189 1935 374 2016 propositio.
395 1940 468 2002 Alia
493 1939 634 2016 priuata,
659 1959 726 2016 quae
747 1936 813 2000 lieri
841 1933 885 1998 so·
926 1951 1021 2012 ptura
1045 1938 1136 2000 libros
1157 1955 1230 2001 vere
1249 1937 1312 2001 else
1331 1940 1470 2016 divinos,
1492 1936 1544 1999 nisi
1572 1932 1694 2002 suffulti
1756 1977 1764 1984 -

118 2019 167 2082 let
186 2037 203 2082 a
229 2017 404 2094 patentibus
424 2019 456 2080 iri
481 2012 598 2082 familia
616 2065 624 2094 ,
645 2037 662 2082 a
687 2015 889 2096 ludimagistro
923 2015 1019 2079 essent
1043 2015 1216 2081 testimonio
1234 2017 1363 2081 indubiae
1390 2017 1599 2090 ausloritacis;
1613 2035 1691 2091 <quae

119 2097 157 2158 in
179 2095 306 2172 scholis,
324 2117 340 2160 a
356 2095 495 2160 Paroclio
516 2099 546 2157 iii
564 2096 735 2172 Parochia,
762 2093 798 2158 ab
819 2095 888 2172 Epi·
925 2093 1091 2157 austoritas
1110 2093 1247 2172 profesio*
1260 2096 1320 2160 elle
1339 2100 1446 2171 nequit
1463 2093 1518 2158 nisi
1539 2099 1571 2158 iu
1588 2095 1694 2158 Eccle-
1757 2123 1758 2126 ¹

114 2174 209 2250 scopo
231 2173 419 2241 indioeceli:
441 2175 501 2239 alia
515 2173 652 2260 publica,
674 2194 742 2250 quar
763 2173 888 2239 fitcotn·
925 2171 982 2234 sia.
1005 2174 1087 2236 Hinc
1104 2173 1241 2240 additum
1256 2171 1339 2251 suit,
1356 2173 1398 2242 (5
1415 2173 1493 2240 nolis
1509 2193 1559 2253 ptr
1588 2174 1691 2240 Eccle-

115 2257 258 2317 ruiiiiitet
280 2253 318 2318 ab
339 2253 556 2328 Ecclesia,-leu
578 2273 594 2317 a
615 2253 687 2318 lidei
706 2252 888 2330 magistro&
917 2253 995 2334 fiam
1017 2253 1158 2316 cedenda
1182 2253 1346 2336 propositis.-
1374 2271 1410 2318 ut
1439 2253 1691 2330 demonstretur,

116 2331 260 2408 supremo
295 2331 572 2396 controuersiarum
604 2331 730 2396 iiidice.
761 2335 888 2396 Privata
926 2332 1149 2396 revelationem
1173 2333 1311 2418 divinam
1332 2333 1417 2397 nobis
1438 2351 1501 2397 riori
1525 2328 1693 2398 ituiotesce·

114 2409 603 2554 lilllllilllillllll
614 2413 774 2553 elisiis
791 2412 889 2554 “ili
924 2433 957 2554 l
977 2410 1286 2556 „illisis-“ll
1316 2413 1695 2556 lllllililnlll
1746 2463 1749 2470 ·

16 2549 18 2560 ’
116 2568 157 2632 sit
178 2537 337 2646 a'privata
358 2511 594 2646 persona,pqtlae
614 2566 720 2632 fallere
741 2539 838 2641 pot'est
856 2567 890 2633 &
925 2515 995 2633 sugt
1013 2569 1115 2648 signa,
1134 2514 1383 2657 quinnielfxdeii}
1401 2515 1697 2636 fitfigeliliusffin*

115 2645 210 2711 falli.
234 2645 356 2710 Publica
387 2667 463 2712 vero
490 2645 655 2723 propositio
678 2645 721 2710 eil
750 2641 890 2710 infallibi·
925 2645 1080 2725 lidelilius,
1102 2647 1242 2714 Eccleliae
1264 2651 1411 2715 collatum
1430 2650 1490 2715 else
1507 2651 1619 2730 insigne
1639 2652 1695 2714 du·
1780 2690 1793 2708 η

115 2730 177 2803 lis,
200 2726 233 2790 δε
250 2730 315 2788 vim
331 2726 425 2813 ¹habet
454 2727 578 2809 cogendi
600 2743 814 2804 contumaces,
832 2725 890 2790 sal·
926 2749 998 2790 num
1019 2775 1027 2803 ,
1052 2745 1088 2790 ut
1117 2743 1250 2802 nequeat
1279 2725 1416 2807 fallere,
1445 2749 1502 2792 nec
1529 2727 1614 2806 salli,
1643 2731 1694 2794 lia·

115 2825 187 2872 terii
207 2805 427 2872 universaliter
442 2805 610 2880 loquendo.
924 2808 1055 2882 beatque
1072 2804 1253 2881 potellateui
1270 2808 1469 2886 compellendi
1478 2826 1694 2884 contumaces,

115 2935 121 2946 .
162 2883 239 2948 Nori
266 2883 343 2946 levis
374 2887 422 2948 liic
441 2889 583 2950 exoritur
602 2882 833 2959 controuersia,
854 2883 890 2945 ad
925 2903 959 2948 ut
981 2881 1039 2947 suis
1055 2881 1084 2946 se
1101 2882 1282 2950 submittant
1311 2886 1565 2952 delinitionibus.-
1588 2891 1696 2951 ita³ut

111 2983 211 3038 quem
247 2961 370 3040 publica
406 2965 560 3040 pertineat
590 2962 670 3026 {idei-
694 2963 887 3040 propositio.
944 2961 1301 3031 uodCatliolicidoctnt
1319 2967 1356 3031 de
1381 2963 1532 3044 Ecclesia,
1553 2965 1633 3030 idem
1655 2967 1695 3030 ds

110 3045 301 3109 Novatorts
318 3043 507 3110 contendunt
528 3047 681 3121 pertinere
697 3043 732 3105 ad
749 3042 890 3122 Scriptu·
925 2987 975 3108 sua
999 3043 1083 3106 Sella
1112 3042 1213 3119 dicere
1241 3062 1396 3120 nequeant
1427 3042 1566 3109 infideles
1587 3067 1595 3120 ς
1619 3063 1694 3122 puta
1756 3123 1759 3132 y

108 3143 188 3188 ratri
216 3115 352 3198 sacram,
375 3125 405 3184 iii
426 3143 504 3200 qna,
525 3126 688 3199 inquiunt,
708 3121 792 3185 clare
815 3141 889 3184 con·
925 3123 1165 3187 Maliunietanns
1182 3119 1213 3186 se
1231 3123 1354 3190 credere
1373 3123 1545 3203 Alcorano,
1561 3126 1630 3200 quia
1649 3123 1693 3187 lo·

108 3207 265 3266 tinentnt
285 3221 482 3278 quecumque
511 3203 593 3265 Deus
621 3202 773 3266 revelavit
790 3223 800 3279 ς
818 3221 889 3264 curn
923 3206 1017 3267 cletas
1033 3205 1138 3276 inqua
1159 3219 1250 3267 natus
1269 3201 1331 3284 est,
1348 3205 1458 3269 librum·
1478 3205 1563 3270 illiuu
1586 3219 1622 3269 ut
1646 3201 1678 3268 la

107 3276 262 3359 magister
284 3299 338 3358 pet
365 3280 476 3360 scripta
499 3301 567 3358 quat
595 3278 749 3356 discipulis
768 3279 889 3357 tradit,
924 3301 1009 3346 crum
1026 3277 1059 3346 ἀ
1074 3283 1214 3345 divinum
1225 3287 1387 3360 proponit.
1675 3305 1678 3311 ·

107 3373 273 3437 proponat
294 3359 434 3448 quidquid
451 3361 522 3425 vult
545 3377 580 3422 ut
598 3357 649 3436 ipsi
672 3357 805 3424 discant.
823 3357 890 3422 Uir·
964 3361 1010 3434 Ea
1028 3363 1278 3437 praecipuisvetu
1298 3359 1387 3442 signis
1408 3361 1459 3428 seu
1480 3363 1665 3442 argumentis
1679 3407 1690 3437 ,
1703 3367 1831 3445 quiriani

108 3440 244 3504 cletum
265 3456 345 3502 unus
371 3439 410 3501 lit
430 3437 569 3518 magillcr
598 3435 699 3500 noller
718 3437 853 3501 Chrislut
875 3457 886 3511 ‚·
923 3440 1029 3516 quibus
1045 3435 1229 3517 dignoscitur
1245 3439 1409 3506 Ecclesiam
1424 3440 1532 3520 Chriili
1547 3457 1690 3508 ornatam
1708 3445 1757 3518 fipt
1777 3459 1834 3502 moi

107 3512 257 3596 profesto
280 3515 439 3580 dicendum
460 3565 468 3596 ,
488 3519 519 3578 iri
543 3517 595 3580 sua
621 3516 799 3592 Scriptura,
820 3534 888 3587 quae
923 3519 1035 3582 esseae
1054 3520 1205 3583 mustitani
1222 3519 1426 3586 huiuscemodi
1454 3523 1540 3587 donis
1569 3519 1619 3585 seu
1635 3521 1688 3586 do·
1704 3519 1832 3620 fflsffi

77 3595 159 3661 ·cll
178 3591 288 3678 'ipsius‘
311 3595 438 3660 verbum
493 3595 579 3660 nobis
611 3613 681 3658 eum
702 3591 888 3671 proposuisse
924 3597 1118 3672 tibus,quas
1137 3597 1224 3660 nulla
1243 3601 1303 3664 alii
1324 3597 1399 3665 secia
1419 3598 1471 3664 filii
1493 3600 1689 3679 probabiliter
1705 3580 1833 3684 ,52:¹¹⁸'H

108 3673 264 3754 quidquid
288 3677 393 3740 vulta
413 3645 499 3740 nuliis
519 3675 615 3740 credi.
639 3674 775 3752 Verum,
794 3691 887 3766 quaii-
926 3675 1058 3740 tribuere
1079 3675 1196 3753 potell,
1213 3675 1282 3740 sunt
1308 3682 1476 3757 ptophetiat
1495 3679 1530 3746 dt
1555 3681 1688 3744 miracu·

109 3777 193 3820 stim
212 3755 244 3814 in
261 3753 316 3818 lioc
333 3755 540 3820 allucinentur
563 3771 733 3820 novatores
755 3800 763 3830 ,
789 3773 889 3816 mani·
925 3756 970 3818 la.
990 3755 1045 3816 Per
1062 3753 1128 3817 litet
1147 3758 1231 3818 enim
1248 3761 1390 3837 motiva,
1404 3779 1471 3836 quae
1489 3775 1606 3824 vocant
1625 3777 1692 3822 cre·

105 3832 194 3902 feste
217 3847 329 3906 patet.
357 3831 458 3898 l‘tiiiio
480 3839 550 3910 quia
579 3835 659 3898 Deus
687 3835 773 3910 plura
804 3833 889 3895 nubis
923 3833 1105 3910 dibilitatis,
1128 3834 1292 3900 euidenter
1311 3837 1499 3903 demonstrat
1528 3835 1690 3916 Ecclesia,

107 3911 299 4000 revelarit,
317 3931 404 3990 quae,
423 3931 458 3976 ut
488 3915 548 3976 iam
569 3913 716 3987 diximus,
738 3929 798 3977 nuri
821 3910 887 3976 lunt
924 3911 953 3976 se
969 3911 1146 3976 inllitntatn
1159 3911 1220 3976 ‘csse
1239 3937 1257 3980 a
1275 3917 1364 3995 Deo,
1386 3935 1421 3979 ae
1437 3919 1690 3995 plantdivinam,

105 3991 251 4068 scripta¹3
272 4010 380 4071 nempe
400 4009 469 4068 quae
486 3992 636 4056 habentur
655 3991 887 4056 aTraditione.
925 3993 1109 4068 proindeque
1131 4011 1275 4059 veracem
1296 4017 1331 4062 ac
1348 3993 1515 4061 infallibilis
1529 3997 1694 4062 anniti«

103 4069 275 4157 Secundo,
294 4074 366 4148 quia
388 4070 543 4148 Scriptura
568 4075 598 4134 in
618 4091 728 4151 magna
753 4069 800 4134 sni
820 4089 888 4146 par·
925 4066 1085 4158 ‘titillatu
1105 4069 1233 4137 societas
1255 4075 1311 4140 illa
1334 4073 1453 4140 nonnisi
1471 4095 1547 4141 vera
1572 4077 1691 4152 doctr,

104 4169 143 4218 te
165 4147 216 4214 est
236 4145 380 4226 obscura,
400 4148 433 4214 dc
456 4151 568 4214 indict
594 4152 818 4227 explicatione3
839 4150 890 4224 ubi
923 4156 1009 4216 cuius
1029 4147 1170 4216 doslrinae
1188 4152 1270 4219 Deus
1290 4155 1417 4222 euidens
1442 4155 1580 4231 perhibet
1607 4153 1693 4217 telli-

106 4229 325 4296 auteniclare
340 4231 496 4316 loquitur,¹
513 4171 595 4294 salsis
615 4231 831 4304 haereticorum
847 4232 889 4292 iri·
924 4233 1078 4304 tironium.-
1094 4231 1175 4306 quod
1195 4251 1308 4298 revera
1320 4229 1395 4298 facit
1410 4233 1494 4298 Deus
1510 4233 1570 4299 stis:
1584 4233 1695 4298 Eccle-

104 4307 394 4384 terpretationibut
411 4311 647 4384 detorquetur.
678 4305 832 4386 Qiocnci
852 4305 888 4370 si·
924 4308 974 4373 siit
991 4329 1043 4386 per
1059 4315 1179 4374 motiva
1202 4313 1431 4378 credibilitatis.
1454 4313 1521 4376 Nec
1536 4312 1593 4376 dici
1624 4329 1691 4386 por·

105 4406 169 4454 cut
192 4389 227 4450 in
246 4389 391 4463 polliticis
409 4387 541 4466 opusesl
563 4387 680 4464 iudice,
704 4393 752 4466 qui
786 4390 889 4466 genui*
924 4387 988 4464 eil,
1008 4392 1125 4452 motiva
1143 4390 1376 4470 illatooqtuere
1402 4395 1503 4466 potius
1528 4391 1691 4468 Scripturit

105 4489 193 4535 tutin
224 4467 299 4545 legis
328 4465 451 4533 sensum'
474 4477 583 4534 contr'a
604 4485 767 4546 protervos
788 4469 889 4532 vindi·
924 4466 1121 4542 sacritqoani
1139 4469 1298 4535 Ecclesiae
1327 4469 1459 4534 Ecclesia
1487 4472 1570 4533 enim
1595 4466 1638 4538 ful

103 4567 194 4628 cet,
216 4543 257 4610 sic
276 4545 311 4611 dt
327 4549 367 4613 in
393 4545 565 4614 Christiana
597 4549 744 4626 religione
773 4543 903 4610 necesse¹
924 4547 979 4612 bat
1006 4547 1179 4624 miraculis,
1201 4549 1235 4614 dc
1255 4548 1401 4614 dotlriiiae
1421 4551 1487 4612 eius
1513 4547 1585 4612 fidet
1602 4488 1693 4614 liaff-

101 4630 152 4693 esi
176 4676 188 4706 ‚
215 4643 259 4690 iit
287 4625 457 4697 Catholicae
482 4626 623 4694 Ecclesiae
654 4625 822 4692 auctoritas
842 4623 887 4689 sa·
925 4627 1015 4693 batur
1032 4634 1112 4704 prius
1129 4649 1218 4703 quam
1248 4626 1425 4704 scripsissent
1458 4626 1612 4706 Apostoli.
1632 4628 1697 4691 ltu-¹

103 4727 205 4774 cram
223 4703 410 4785 Scripturim
429 4706 743 4784 saneinterprete'tur,
764 4707 889 4770 asserat·
925 4725 977 4768 mo
1006 4703 1134 4770 tollatur
1158 4708 1186 4768 S.
1210 4706 1343 4772 irenaeus
1372 4725 1469 4773 aetate
1496 4709 1547 4773 l'ua
1567 4756 1575 4786 ,
1595 4710 1694 4772 tertio

99 4807 172 4874 que
191 4783 486 4858 contristarentur
505 4787 539 4858 &
560 4807 734 4871 peccatores
764 4785 890 4856 verum
926 4803 1033 4865 nctupt
1058 4791 1186 4854 ineunte
1215 4775 1355 4934 secult‘iz,
1379 4791 1519 4854 nationes
1552 4785 1697 4927 qusasdtn

239 4891 258 4916 .
1395 4885 1413 4929 a
1561 4889 1582 4932 u
1597 4885 1654 4943 que
