4030 5456
379 195 456 272 aad
584 189 894 262 Tenemur.
932 187 1176 266 iconiis
1215 188 1427 264 Morum
1461 189 1581 268 Cae.
1616 191 1642 268 1.

325 295 397 360 Non
418 293 455 374 esi
475 285 614 356 illicilum
629 286 663 352 in
686 287 883 354 sarranium
908 282 1088 366 consterndis
1125 285 1330 366 probabilior,
1346 306 1410 354 tion
1428 307 1573 366 veroper
1589 293 1753 370 incertam,
1772 293 1900 382 salsam,

321 371 405 454 sequi
432 367 592 453 opinionem
615 364 794 455 probabilem,
809 365 844 432 de
867 366 968 452 polire
991 367 1092 432 Sacra·
1125 367 1159 434 dt
1180 365 1400 446 periculosam,
1421 389 1512 446 quam
1541 375 1687 448 proponit
1716 378 1823 452 opinio
1843 387 1897 446 mr.

325 453 436 530 mitti,
455 447 556 516 resilio
571 447 691 525 duriori,
711 447 768 527 nifi
781 445 816 510 ies
832 457 919 514 velet
939 444 1007 533 lex,
1026 463 1091 508 con·
1128 468 1183 512 nui
1200 445 1363 524 probabilia
1380 451 1411 510 in
1431 449 1578 516 concursu
1596 449 1828 526 probabilioris?

325 532 429 598 vendin
449 581 458 610 ,
481 540 533 598 nai
556 523 842 608 periculumgreuis
864 521 968 618 damni
991 542 1092 618 imur·
1127 524 1400 668 (perimebatur
1416 527 1540 594 tandem
1566 551 1657 606 quam
1678 537 1899 606 inconveniens

324 613 430 683 rendi.
450 611 529 675 Item
551 629 612 674 non
641 609 716 672 lieet
735 599 924 670 Conselsario
952 620 1001 668 uti
1028 623 1049 668 o
1071 623 1093 662 i·
1139 624 1167 670 rr
1184 627 1352 670 animarum
1377 605 1486 686 saluti,
1514 607 1742 686 periculosa&
1761 617 1897 684 exitialia

325 697 419 758 irione
439 693 538 755 minus
555 687 719 766 probabili,
740 681 935 776 probabiliori
957 624 1093 762 negiebi
1128 684 1329 752 Probabilismi
1357 683 1540 766 sententia,
1569 709 1610 755 ex
1641 693 1819 770 gravissimis
1849 700 1896 761 in·

325 775 359 838 in
379 767 614 836 administrando
642 768 842 832 Peenitentiae
866 763 1092 854 sacramento,
1127 767 1291 844 monnodie
1308 785 1343 832 ac
1358 763 1684 846 laxitatibui,·quibue
1708 793 1748 838 ear
1772 773 1896 842 subdola

326 868 420 932 prout
449 847 492 912 esi
519 843 660 912 Minisler
687 845 955 910 sacramentorum
975 891 984 922 ,
1008 839 1093 912 sicuti
1129 846 1210 914 illius
1222 845 1413 926 benignitate
1425 845 1602 914 Chrisiiana
1617 850 1745 918 Monilia
1761 852 1895 922 subiace·

324 932 412 1008 supra
433 927 543 992 dissum
558 923 624 1002 ell,
646 923 693 989 sed
711 942 798 1002 agere
822 920 912 988 debet
933 921 1094 988 secundum
1130 945 1197 992 rer.
1218 925 1258 991 Ee
1282 930 1401 1004 primo.-
1429 926 1547 996 exhor
1570 925 1764 1009 salsopriiici
1787 935 1819 1000 io
1844 938 1898 1002 via
1956 948 1959 956 ⁴

324 1013 499 1084 tutiorem,
524 1005 560 1074 bt
580 1004 838 1082 promissionem,-
876 1001 909 1068 &
928 1006 998 1096 quia
1013 1001 1096 1066 Coitr
1128 1010 1237 1084 cuique
1254 1009 1424 1083 aperiretur
1441 1005 1612 1074 affirmandi
1638 1009 1734 1090 legem
1759 956 1897 1084 ibivinam

324 1089 462 1156 sellariue
478 1085 570 1150 iudex
585 1083 651 1161 esi,
672 1106 741 1150 cum
762 1080 987 1162 sacramentalis
1009 1075 1095 1146 abso·
1130 1108 1191 1152 non
1208 1087 1358 1168 obligare,
1374 1087 1498 1163 quando
1510 1085 1650 1158 certo&
1667 1087 1823 1156 maniselle
1836 1114 1899 1158 non

325 1171 407 1234 lotio
425 1163 463 1232 sit
485 1161 565 1232 &Rus
586 1161 750 1241 iudicialis,
768 1161 853 1236 sicuti
874 1162 1036 1236 definitum
1052 1155 1095 1224 est
1129 1166 1248 1232 constit
1268 1168 1332 1230 eius
1353 1165 1516 1244 obligatio·
1543 1167 1664 1234 Volunt
1684 1173 1764 1236 enini
1786 1173 1898 1240 Probi·

326 1272 347 1315 a
367 1247 579 1326 Tridentino,
599 1243 634 1314 ἃ
652 1247 725 1321 quia
751 1247 843 1307 etiam
864 1239 910 1306 est
928 1239 1094 1308 Medicus·
1130 1245 1236 1312 bilisia
1257 1243 1349 1310 solam
1369 1245 1590 1314 certitudinem
1608 1251 1699 1314 unius
1723 1254 1817 1325 partis
1842 1273 1897 1319 eit·

326 1328 425 1393 ludex
446 1343 552 1394 autem
572 1374 580 1405 ,
598 1323 698 1390 sicuti
721 1320 756 1388 bt
784 1319 923 1386 Medicus
950 1341 1012 1384 ⁰0¹¹
1030 1317 1097 1396 pos·
1130 1326 1251 1392 eludere
1267 1324 1664 1407 probabilitatemalteriue
1687 1333 1781 1406 partie
1801 1352 1899 1411 oppo-

326 1407 398 1474 sunt
429 1403 512 1484 sequi
540 1407 730 1484 opinionem.
754 1404 853 1472 miuus
881 1399 1098 1477 probabilem,
1132 1405 1214 1484 fitz,
1239 1403 1367 1472 acideo
1392 1425 1444 1481 per
1468 1403 1545 1483 ipsos
1576 1405 1726 1474 sententia
1746 1429 1814 1486 quae
1836 1431 1901 1476 non

328 1487 472 1554 minusve
493 1503 614 1564 tutam,
635 1500 672 1548 ut
693 1481 741 1546 liic
760 1479 968 1560 subiungitur.
1133 1487 1277 1550 innititur
1307 1503 1397 1550 certo
1428 1483 1461 1550 ἀ
1489 1483 1640 1554 infallibili
1663 1483 1899 1569 sundamento,

369 1567 508 1632 Μθᾶὶΰῦί
536 1567 629 1644 igitur
656 1563 742 1632 licite
772 1579 860 1640 isere
890 1581 929 1624 ne
950 1563 998 1626 uit
1027 1579 1096 1626 cum
1134 1586 1194 1631 non
1223 1565 1308 1632 tollit
1335 1563 1481 1646 oppositae
1505 1565 1670 1632 sententie
1699 1567 1901 1666 probabiliia·

328 1647 454 1712 infirmo
495 1648 541 1739 iii⁸
559 1635 802 1739 exercitioiuae
833 1584 1018 1734 proseliionie
1056 1637 1100 1733 se·
1134 1664 1219 1723 reni,
1246 1644 1320 1710 idest
1345 1649 1376 1710 iii
1405 1643 1456 1709 sua
1479 1645 1694 1739 probabilitate
1714 1667 1782 1712 eam
1806 1650 1901 1714 relm-

328 1727 464 1794 rundum
491 1743 666 1800 opinionem
689 1741 790 1790 minui
820 1717 1100 1812 probabilemieli·
1153 1728 1217 1790 uit.
1239 1725 1289 1791 lta
1307 1724 1410 1790 scribit
1432 1728 1513 1790 inter
1528 1726 1606 1790 alioe
1626 1726 1787 1804 Caramuel
1809 1725 1903 1792 insuat

331 1805 379 1871 fia
401 1800 616 1884 probabiliori,
635 1822 692 1867 nec
712 1794 984 1874 tutaeonscientia
1004 1797 1035 1866 se
1052 1820 1100 1863 ae·
1169 1805 1309 1885 lieologia
1330 1801 1569 1882 fundamentali,
1592 1804 1642 1870 ubi
1663 1803 1702 1867 fic
1724 1805 1839 1871 habet,
1864 1810 1904 1870 0.

327 1885 522 1957 commodare
547 1879 644 1964 potest
675 1881 811 1974 opinioni
839 1876 952 1973 infirmi
979 1877 1099 1948 volenti
1134 1883 1212 1951 mnis
1232 1885 1347 1950 aaroni
1366 1889 1448 1950 abar
1466 1883 1620 1974 hammer
1637 1881 1738 1948 licitas
1763 1885 1820 1964 est,
1847 1883 1904 2028 Ui

326 1969 378 2046 pti
399 1965 532 2030 remedio
561 1959 703 2040 probabili
719 1975 822 2040 potius
845 1977 987 2028 nocituro
1010 1979 1102 2036 quam
1135 1988 1190 2032 nori
1205 1964 1342 2045 impingit
1360 1965 1560 2030 colonien
1576 1964 1706 2041 aliquam
1725 1963 1847 2042 segeno
1878 1985 1906 2025 i·

328 2043 515 2124 profuturo·
1130 2046 1276 2126 gaioriem
1296 2043 1470 2111 euidenter.
1487 2044 1593 2118 Quare
1613 2041 1797 2108 constitutus
1818 2045 1904 2108 inter

373 2125 447 2188 blora
472 2123 542 2190 lieet
562 2121 701 2188 similiter
728 2119 839 2198 iudici,
867 2117 973 2188 relidla
1013 2117 1101 2188 roba·
1136 2127 1209 2191 dirae
1245 2123 1297 2188 sibi
1324 2126 1458 2192 invicem
1492 2121 1687 2192 adversantes
1713 2125 1903 2202 opiniones,

329 2205 455 2282 bisseni,
475 2205 506 2268 in
532 2200 590 2268 suia
611 2203 731 2272 iudiciis
754 2205 802 2266 uti
819 2203 917 2268 minua
935 2141 1101 2280 probabili,
1136 2227 1263 2284 quarum
1287 2225 1366 2284 una,
1395 2204 1429 2270 ἀ
1478 2201 1640 2268 mbabilior
1664 2197 1825 2280 affirmet,
1852 2199 1904 2270 sed

284 2330 289 2339 ,
328 2284 368 2351 &
389 2287 489 2348 minue
510 2299 607 2351 tuta:
637 2281 897 2359 quiicumiudex
916 2275 1102 2347 sirminiller
1137 2303 1311 2350 noncerto
1337 2226 1596 2350 &infallibiliter
1623 2280 1721 2346 talem
1752 2279 1904 2350 actionem

330 2364 441 2430 Delio
461 2365 569 2442 terrie,
583 2380 619 2428 ut
634 2364 744 2438 cuique
763 2364 810 2430 iiii
830 2359 916 2426 sirum
936 2357 1038 2426 servet
1055 2363 1102 2422 in·
1137 2365 1202 2508 {eze
1215 2364 1321 2430 diuina
1342 2363 1507 2440 prohiberi,
1525 2363 1642 2439 altera,
1661 2359 1697 2428 ὃ(
1716 2363 1814 2426 minui
1834 2381 1904 2441 pro·

331 2444 466 2520 demne‚
486 2444 612 2509 unicum
638 2441 745 2506 iudicia
773 2461 883 2508 munus
906 2437 977 2517 est,
1003 2439 1102 2510 Deum
1136 2445 1172 2510 ba
1194 2445 1241 2509 ilie
1258 2444 1371 2510 allerat
1386 2461 1403 2509 e
1421 2457 1532 2509 contra
1556 2441 1642 2506 illam
1666 2439 1815 2507 adlionem
1836 2439 1902 2517 lege

330 2522 484 2588 imltflndo
501 2527 554 2601 isui
578 2525 694 2588 verim
718 2519 762 2590 est
777 2568 787 2599 ι
802 2520 836 2588 ἃ
860 2539 922 2590 non
942 2517 1101 2596 probibili·
1137 2545 1197 2590 non
1215 2519 1589 2604 prohiberi315uandosibi
1607 2517 1779 2599 persuasum
1795 2518 1904 2602 habeat

329 2623 403 2683 aar,
423 2605 471 2666 iur
494 2601 581 2668 suum
605 2599 715 2668 saniori
737 2601 851 2665 iudicio
875 2621 911 2665 ae
927 2596 1100 2676 sapientiori
1136 2603 1165 2670 se
1184 2625 1247 2670 mn
1263 2607 1360 2672 reneri
1379 2601 1516 2683 ampleeii
1533 2603 1726 2681 opinionon,
1748 2601 1821 2665 lieet
1834 2617 1904 2676 pro-

334 2683 400 2760 utio'
427 2679 544 2760 potest,
570 2686 678 2758 cuique
707 2681 856 2746 tribuere.
885 2677 978 2746 Unde
997 2677 1101 2748 sedulo
1135 2685 1313 2755 habiliorem
1328 2681 1460 2749 stantem
1480 2705 1534 2762 pro
1554 2680 1766 2763 praecepto,si
1786 2696 1904 2744 uicer-

329 2759 519 2838 issveffissaie
538 2761 627 2826 debet
644 2762 722 2840 aliud
738 2781 824 2837 isueni
846 2779 953 2828 verum
976 2758 1015 2824 sit
1035 2761 1101 2842 ius,
1137 2785 1193 2846 ta,
1218 2765 1253 2833 bt
1282 2762 1449 2830 infallibilia
1476 2767 1506 2829 ei
1532 2782 1593 2826 non
1620 2776 1806 2838 proponatur
1812 2803 1824 2848 ,
1850 2755 1903 2822 sed

331 2842 408 2911 idest
427 2843 510 2906 omni
530 2859 649 2907 remoto
670 2845 762 2906 animi
784 2840 980 2918 immistio,
1004 2843 1100 2906 rario-
1137 2863 1208 2912 tura
1232 2841 1418 2911 conscientia
1442 2843 1570 2924 eligere,
1597 2839 1632 2911 de
1651 2838 1830 2916 sequipoile
1844 2841 1903 2904 mi·

327 2941 390 2988 aies
417 2942 452 2988 ac
479 2937 633 2986 momenta
661 2921 871 3000 litigantium,
898 2922 1101 2998 meritumque
1136 2946 1192 2990 nur
1216 2923 1421 3004 probabilupp,
1447 2927 1480 2988 in
1508 2925 1673 2986 innumeris
1700 2917 1764 2986 sere
1786 2914 1902 2986 risibus

329 2998 445 3068 wlff&
467 3017 610 3066 munte
628 3001 831 3080 perpendere,
854 3001 903 3068 ⁶1¹5
920 2997 1023 3066 debito
1037 3001 1103 3077 pla·
1136 3026 1247 3086 negare
1265 3002 1359 3082 posset
1381 3006 1477 3084 legem
1491 3001 1647 3080 obligare,
1664 3001 1738 3075 quia
1760 3013 1849 3062 certo
1867 2995 1904 3063 ἀ

330 3102 376 3148 aie
397 3101 458 3146 iton
480 3077 686 3158 satisfaceret,
703 3077 723 3144 si
740 3075 903 3147 seeundum
917 3083 1018 3145 minua
1034 3099 1102 3157 pro·
1135 3084 1296 3150 evidenier
1322 3103 1386 3148 non
1410 3082 1652 3149 contineamus
1680 3078 1741 3144 obii
1761 3079 1845 3152 atio,
1867 3095 1905 3140 ac

327 3160 484 3236 habilem,
500 3156 638 3226 minusve
660 3177 781 3238 tutam,
806 3181 868 3224 tion
889 3177 1011 3224 artenia
1035 3180 1102 3234 pro·
1137 3163 1263 3242 proinde
1282 3163 1360 3242 sequi
1379 3165 1479 3242 pollet
1499 3159 1563 3228 sirie
1588 3159 1678 3226 ulliur
1700 3098 1799 3250 culpe
1822 3155 1906 3248 perif

330 3239 606 3319 babillofirioffel
627 3239 770 3306 iudicium
789 3237 942 3317 proferre·
970 3238 1054 3303 Nam
1079 3239 1100 3302 si
1135 3243 1207 3310 culo
1226 3245 1327 3307 minus
1348 3241 1549 3322 probabilem,
1572 3257 1681 3319 utpote
1701 3257 1769 3315 quae
1791 3255 1823 3299 iri
1844 3234 1905 3300 tali

329 3319 431 3388 iudex
456 3321 500 3384 ita
527 3319 554 3384 se
578 3339 681 3400 gerere
703 3320 821 3398 poss'er,
846 3322 877 3398 io
902 3317 962 3384 suia
982 3318 1101 3390 iudiciis
1137 3323 1353 3388 incertitudine
1381 3321 1578 3403 obligationis
1600 3343 1618 3386 a
1642 3319 1797 3385 contraria
1815 3329 1904 3394 parte

332 3399 453 3464 arbiter
476 3398 573 3476 esser,
600 3423 634 3464 ac
665 3398 818 3476 supiniiue
844 3397 984 3478 cuiusque
1010 3398 1102 3462 bono·
1138 3401 1296 3480 proposita
1315 3399 1411 3467 'simia
1435 3405 1467 3467 in
1492 3398 1544 3466 sua
1568 3396 1788 3486 probabilitate
1807 3413 1904 3458 rema.

330 3501 406 3544 rum
425 3479 582 3545 dominus.
598 3479 756 3554 Quocirca
769 3477 944 3546 Alexander
967 3476 1038 3540 Vll.
1051 3477 1102 3544 da·
1137 3500 1244 3561 neret;
1264 3502 1331 3547 cuin
1342 3483 1431 3547 iuxta
1442 3478 1701 3548 Probabilislarum
1716 3474 1853 3551 sensum,
1867 3491 1902 3538 ut

333 3561 456 3624 meavit
470 3557 555 3624 haser
565 3556 784 3636 propositiones
796 3580 803 3622 :
816 3559 943 3640 Quando
951 3556 1100 3636 lsii'ganies
1137 3557 1224 3640 supra
1244 3564 1441 3640 notavimut,
1470 3561 1533 3627 sola
1561 3556 1727 3626 infallibilia
1745 3553 1903 3645 certitudo

335 3636 442 3704 hebent
459 3657 511 3717 l’rv
525 3639 558 3718 se
578 3637 723 3718 opiniones
742 3657 822 3716 aeprie
839 3634 1016 3716 prohabiles,
1040 3650 1101 3715 pot·
1137 3645 1226 3707 uniui
1243 3644 1338 3720 partis
1360 3640 1521 3719 excludat,
1550 3637 1602 3704 seu
1623 3637 1713 3704 tollat
1738 3631 1904 3712 probabili·

334 3717 373 3796 cst
394 3718 486 3782 iudex
524 3717 656 3783 ecunianr
680 3718 803 3797 accipere
826 3733 880 3807 pro
890 3713 1017 3799 ferenda
1033 3715 1102 3796 stn-
1138 3738 1234 3788 ratem
1254 3721 1382 3786 alterius
1403 3723 1498 3797 partis
1516 3717 1662 3799 oppositae
1679 3716 1779 3780 minue
1798 3711 1903 3807 proba·

332 3797 479 3864 arminio
495 3736 632 3888 biberem
651 3797 740 3863 unius
757 3815 822 3878 prae
837 3798 894 3861 elio
916 3839 978 3860 ...
999 3795 1102 3870 Proin.-
1136 3801 1226 3865 bilis.
1245 3799 1328 3877 Qiid
1347 3799 1449 3877 quaeso
1469 3799 1622 3864 absurdius
1642 3817 1719 3860 exeo
1739 3796 1901 3870 itari,aut

333 3875 431 3952 iiiiilrr
455 3878 583 3970 existimo
603 3875 730 3946 iudicem
756 3875 985 3965 praeiudicare
998 3873 1101 3956 secun·
1136 3881 1194 3945 dici
1220 3877 1335 3958 potesl,
1361 3900 1455 3957 quarn
1487 3880 1583 3959 legem
1604 3895 1666 3942 non
1686 3875 1835 3950 obigere,
1865 3890 1903 3960 eii
1997 3901 1998 3906 ¹

333 3957 408 4021 dum
425 3957 587 4038 opinionem
606 3956 704 4024 minui
726 3953 915 4037 probabilem·
943 3957 1055 4020 Verum
1080 3955 1100 4020 si
1137 3955 1199 4037 ipso
1214 3958 1292 4034 quod
1312 3961 1463 4026 iudicetur
1482 3979 1551 4024 eam
1570 3977 1632 4022 non
1648 3956 1807 4034 obligate,
1830 3969 1903 4042 quia

332 4057 374 4102 eir
402 4039 470 4114 ipsis
500 4035 678 4104 adversariis
710 4037 822 4116 iudex,
852 4035 1033 4108 &medicus
1052 4040 1099 4100 uti
1136 4036 1267 4105 eiusdem
1286 4037 1435 4119 obligatio
1455 4038 1493 4103 ab
1516 4035 1653 4118 opposita
1672 4036 1837 4113 opinione,
1867 4030 1902 4092 li·.

331 4134 490 4195 nequeunt
516 4120 661 4196 opinione
686 4121 785 4190 minue
806 4113 950 4194 probabili
974 4119 1006 4180 in
1027 4136 1101 4182 cori·
1135 4135 1184 4184 cet
1205 4116 1396 4193 probabiliori
1413 4115 1513 4183 stante
1530 4139 1584 4196 pro
1604 4116 1709 4180 eadem
1735 4115 1821 4193 lege,
1840 4129 1905 4175 cer·

211 4247 222 4278 ,
331 4197 422 4270 rursu
451 4195 678 4276 probabilioris,
701 4199 772 4272 quia
800 4199 904 4274 agitur
926 4194 963 4257 de
991 4196 1101 4266 damno
1137 4216 1173 4262 to
1191 4196 1225 4263 δι
1245 4193 1449 4263 infallibiliter
1469 4219 1530 4262 non
1551 4211 1757 4284 proponatur5
1776 4191 1813 4279 dt
1829 4207 1905 4283 tunc

332 4277 495 4354 temporali
524 4277 654 4354 proximi
683 4274 841 4342 vitando:
867 4295 940 4350 cur,
970 4275 1100 4354 amabo,
1136 4274 1322 4342 sententiam
1341 4298 1408 4355 quae
1425 4277 1483 4358 legi
1510 4277 1710 4352 adversatur,
1733 4275 1755 4335 li
1776 4271 1911 4364 speciem

332 4353 537 4422 huiuscemodi
560 4355 681 4420 cautela
704 4353 870 4422 adhibenda
891 4374 954 4428 non
975 4365 1034 4420 erit
1063 4357 1098 4420 ad
1136 4357 1296 4434 quamdam
1315 4357 1458 4423 videatur
1474 4353 1839 4442 babereprobabis-ritn,
1856 4367 1906 4416 iu·

331 4436 501 4518 canendam
531 4433 717 4510 spiritualem
748 4438 957 4513 proximorum
990 4437 1099 4501 animm
1137 4453 1197 4513 te,
1221 4457 1256 4502 ac
1287 4433 1405 4511 prorsui
1433 4437 1589 4516 ineulpate
1617 4449 1759 4514 agentem
1792 4431 1833 4494 eli
1855 4444 1907 4492 ere

331 4519 473 4592 ruinam,
488 4513 523 4582 ἃ
539 4515 755 4593 perditionem,
772 4534 826 4579 eos
838 4515 869 4576 in
881 4510 1101 4594 moribuasuis,
1137 4513 1239 4593 posse,
1266 4513 1300 4580 ἃ
1320 4511 1426 4593 sequi?
1454 4517 1493 4582 Et
1513 4513 1717 4582 huiuscemodi
1746 4450 1908 4582 absurbum
1997 4531 1998 4600 i

331 4595 474 4670 aquibus
490 4593 665 4664 earumdem
685 4591 763 4660 salus
784 4591 947 4670 spiritualis
968 4590 1101 4674 pendet,
1135 4615 1174 4658 ex
1191 4615 1229 4660 eo
1246 4599 1397 4673 praecipue
1413 4596 1487 4668 colli
1508 4595 1591 4676 itur,
1606 4593 1687 4672 quod
1702 4593 1814 4658 docent
1831 4605 1908 4658 una·
1997 4601 1998 4620 ¹

331 4673 488 4752 dlfissffldo
516 4677 676 4748 perviam
704 4671 963 4764 verisimiliorem,
995 4691 1030 4736 ac
1052 4689 1099 4738 tu·
1136 4676 1210 4738 nimi
1230 4671 1471 4740 consensiones)
1519 4695 1673 4740 oreseum
1693 4689 1820 4752 peceare
1841 4661 1911 4745 pos·

331 4755 463 4831 tiotem,
491 4754 588 4830 qualia
617 4753 659 4820 esl
687 4774 745 4832 ea,
768 4773 857 4828 quain
881 4749 972 4820 dillit
993 4753 1101 4829 opinio
1135 4753 1184 4834 se,
1205 4755 1256 4834 qui
1278 4773 1385 4836 egeret<
1403 4769 1511 4830 contra
1532 4755 1650 4838 legera,
1676 4750 1801 4833 quando
1819 4761 1910 4819 certo
1997 4829 1998 4834 ἵ

1756 4828 1867 4908 &eiii-

1997 5039 1998 5100 l

1997 5103 1998 5172 l
