4058 5460
295 178 297 180 ’
361 183 439 282 316
530 182 1586 275 ‘Truentusorerecurrrcrmn.

305 279 359 350 vel
381 283 504 374 ratione
518 285 682 355 materiae.
697 305 739 352 ex
758 303 817 360 qua
840 282 938 351 honor
958 279 1073 346 inordi·
1088 283 1214 398 'gloriae
1229 279 1274 348 est
1291 281 1499 350 manilellatio
1519 286 1647 362 propriae
1660 287 1874 358 excellentiae.

306 376 382 426 nate
396 379 554 440 appetitor
578 412 586 440 ‚
615 365 682 430 uel·
694 368 816 432 tatione
834 363 927 432 iuedii
957 379 1073 426 morta·
1107 362 1143 426 ad
1160 382 1249 438 quem
1265 361 1363 440 potest
1381 363 1472 428 homo
1486 367 1612 430 tendere
1622 366 1800 443 dupliciter.
1825 369 1871 434 [l-

307 439 346 506 iis
363 489 371 518 ,
389 461 441 519 per
457 443 538 522 quod
556 443 654 510 honor
671 447 849 524 quaritur,
881 442 934 508 uel
952 443 1072 509 ratione
1107 463 1150 530 no
1170 442 1263 532 modo
1282 437 1412 518 dirrsle,
1432 443 1496 506 sive
1511 465 1563 520 per
1582 445 1694 524 uerba,
1717 445 1754 516 dr
1770 445 1808 512 stc
1822 449 1869 516 esi

306 525 408 601 gravis
425 521 528 588 damni
547 571 556 602 ,
572 523 653 600 qnod
671 527 809 598 proximo
829 517 964 590 insertur
985 569 994 598 ,
1019 520 1072 586 vel
1106 517 1351 600 ratianum,s1ve
1371 542 1425 596 per
1444 519 1521 590 fasta
1544 545 1636 602 ,quae
1656 523 1678 591 fi
1696 525 1839 592 sintvera
1859 577 1868 607 ,

308 597 435 680 periculi
458 603 576 677 peccati
597 607 698 682 gravis
722 649 732 680 ,
760 601 810 666 vel
839 599 909 666 finls
935 601 1072 667 mortalis
1105 599 1141 666 hc
1157 602 1280 678 pariant
1300 598 1434 675 aliquam
1455 603 1689 668 admirationem
1737 605 1779 668 en
1793 623 1872 685 pre·

199 745 219 758 g
308 677 348 744 ad
365 701 454 756 quem
474 677 624 761 refertur,
646 682 697 746 vel
718 682 837 746 rarione
863 677 991 768 affediur
1006 699 1072 758 gra·
1098 678 1230 762 sumptio
1249 676 1525 768 novitatum,quae
1545 681 1683 750 homines
1704 653 1874 750 solemma-

308 761 394 825 piter
414 761 599 838 inordinati,
619 779 656 828 nt
678 759 698 823 si
718 763 784 837 quis
804 777 929 840 paratus
950 760 986 822 ιιι
1005 779 1071 834 pec·
1105 762 1149 836 gis
1173 759 1342 834 admirari3
1369 759 1389 824 fi
1420 756 1495 824 salla
1522 760 1610 839 sint,
1634 762 1677 828 est
1702 764 1869 850 hyporrrsts.

305 857 378 904 care
399 843 576 906 mortaliter
594 842 632 904 ad
640 841 810 916 honorem,
829 839 878 902 vel
889 838 1071 914 dignitatem
1106 837 1179 904 Alio
1195 837 1286 902 modo
1307 841 1421 902 nititur
1440 841 1548 916 aliquis
1573 839 1767 910 manisellare
1786 842 1871 912 luam

305 919 502 984 obtinendam
522 968 531 998 ,
560 921 614 986 vel
637 921 801 986 tuendam.
832 915 1071 994 Ceteroquiusr
1106 917 1319 986 excellentiam
1332 915 1494 996 indirecte,
1507 916 1691 986 olleodendo
1705 922 1736 986 se
1756 921 1871 992 nones·

305 998 404 1063 honor
423 1001 584 1066 moderate
609 1017 773 1075 appetatur
802 996 840 1063 ob
860 993 1017 1060 honestum
1037 997 1072 1060 fi·
1105 994 1136 1064 se
1155 996 1217 1060 alio
1230 997 1381 1063 minorem
1397 1020 1407 1076 ς
1425 998 1514 1081 idque
1529 999 1782 1078 quadrupliciter.
1810 1008 1872 1071 Pri·

305 1097 396 1153 nem,
413 1077 532 1142 nullum
546 1082 606 1143 erit
618 1095 794 1156 peccatum,
810 1079 902 1140 immo
912 1073 993 1144 ailus
1007 1077 1071 1144 vir·
1104 1093 1159 1142 mo
1173 1073 1295 1166 quidem
1318 1094 1469 1153 quantum
1495 1077 1535 1144 ad
1557 1079 1751 1148 intelleslum
1773 1084 1809 1152 dt
1827 1085 1877 1150 est·

308 1160 388 1225 tutis
407 1156 695 1236 Magnanimiratiu·
916 1219 919 1226 ,
1102 1168 1291 1242 periturum,
1321 1176 1477 1232 perquam
1504 1156 1594 1224 homo
1614 1163 1704 1226 nimir
1724 1165 1871 1233 innititur

168 1243 236 1313 Quid
253 1241 286 1294 ht
351 1234 541 1315 Vanagloria
562 1236 605 1300 est
626 1235 818 1302 inordinatus
835 1235 1070 1312 appetitnspro·
1106 1234 1167 1300 sure
1188 1233 1352 1300 sententia
1368 1237 1478 1300 nolens
1495 1235 1604 1300 cedere
1635 1237 1868 1308 sententiaeme·

171 1307 282 1383 'welv
308 1316 383 1396 price
414 1317 636 1393 excellentie,
669 1315 768 1392 quoad
791 1311 1070 1380 manifestationem
1107 1315 1196 1380 liori.
1218 1313 1359 1378 Secundo
1379 1329 1528 1390 quantum
1549 1317 1586 1380 ad
1605 1320 1816 1401 voluntatem,
1836 1323 1872 1389 dc

170 1386 226 1430 ¹¹⁸⁹
305 1391 549 1470 eiusdem,s1ve
566 1414 639 1461 vera
657 1392 724 1474 sn,
752 1391 903 1458 nvefitta
924 1439 933 1470 ,
958 1393 995 1456 ad
1016 1414 1068 1460 ca·
1105 1389 1327 1472 elldrsrordim
1349 1391 1501 1460 dumnon
1528 1395 1596 1460 vult
1627 1419 1643 1462 a
1670 1405 1787 1476 propria
1815 1425 1873 1468 vo·

306 1471 452 1552 ptandam
476 1475 640 1541 humanam
675 1471 825 1550 landem,
860 1472 894 1540 dt
924 1471 1067 1552 gloriam.
1106 1473 1229 1540 luntate
1249 1469 1418 1548 discedere,
1436 1491 1471 1537 ut
1492 1473 1558 1539 aliis
1573 1481 1759 1544 concordet.
1790 1481 1872 1546 Ter·

305 1554 410 1633 Quare
428 1557 579 1632 appetitur
599 1551 794 1621 excellentia
825 1569 932 1616 movet
949 1549 987 1617 ad
1006 1553 1070 1614 ina·
1110 1553 1156 1618 rio
1175 1567 1322 1628 quantum
1339 1551 1377 1614 ad
1387 1551 1584 1622 ,locutionem
1604 1601 1614 1632 ,
1636 1554 1672 1624 dt
1694 1557 1738 1622 est
1756 1575 1873 1626 muten-

306 1653 378 1696 nem
394 1633 551 1712 gloriam,
574 1633 608 1700 r&
628 1631 668 1696 sic
694 1649 799 1698 ortum
817 1630 907 1696 habet
924 1649 944 1712 a
960 1629 1069 1706 Super·
1106 1630 1167 1707 tio,
1183 1651 1254 1694 rum
1275 1630 1382 1708 aliquis
1409 1631 1508 1696 verbis
1524 1632 1691 1706 clamorose
1714 1657 1823 1704 contra
1843 1662 1876 1706 a·

307 1712 357 1778 bia
373 1729 550 1789 ,tamquam
574 1709 681 1776 infelix
696 1711 780 1774 illius
801 1707 930 1778 soboles.
953 1709 1070 1776 Estan·
1106 1711 1181 1776 linm
1199 1709 1322 1784 litigat.
1351 1711 1472 1782 Quarto
1501 1729 1651 1786 quantum
1671 1715 1709 1780 ad
1729 1715 1843 1784 salium
1864 1768 1883 1795 ,.

307 1809 372 1858 tem
391 1791 567 1870 vaoagloria
590 1787 687 1869 perse
707 1788 758 1857 seu
774 1807 930 1876 exgenere
940 1786 1070 1864 snopec·
1106 1787 1139 1858 dt
1159 1788 1201 1852 eli
1219 1784 1431 1869 inobedientia,
1453 1791 1524 1856 dum
1544 1787 1655 1858 scilicet
1677 1796 1788 1872 uliquis
1808 1818 1875 1864 uon

305 1891 412 1937 catum
429 1889 559 1936 tantum.
573 1871 718 1952 veniale,
734 1869 809 1936 sicut
825 1870 915 1934 dotet
932 1868 969 1931 D.
983 1867 1069 1934 Tho·
1108 1869 1178 1934 vult
1198 1870 1309 1960 exequi
1327 1867 1496 1945 Superioris
1518 1889 1722 1950 praereptum.

306 1973 371 2016 mas
391 1969 420 2014 2.
437 1971 466 2016 a.
490 1973 517 2026 q.
538 1964 605 2030 ¹3²·
627 1970 654 2013 a.
675 1963 703 2028 3.
719 1968 759 2012 eo
780 1947 857 2024 quod
878 1948 934 2030 hoc
957 1951 1069 2014 uirium
1143 1951 1292 2016 Iananua
1310 1967 1348 2016 ea
1366 1947 1429 2026 eli,
1447 1970 1507 2024 qua
1522 1954 1697 2026 quisverhir
1712 1955 1872 2021 inordina·
1885 1955 1954 2030 'Quid
1975 1958 2010 2030 ,ΕΙ

304 2049 470 2110 exgenere
499 2029 583 2106 luo,
608 2025 821 2096 &secundnm
849 2024 878 2090 se
903 2026 1070 2102 lpestatum
1106 2044 1138 2091 re
1159 2027 1188 2088 le
1207 2026 1347 2104 exaltat,
1368 2027 1418 2092 vel
1439 2028 1476 2092 de
1493 2026 1522 2092 se
1535 2029 1727 2107 praedicando
1748 2023 2011 2112 idquod¹³st⁸⁸¹¹⁸=

305 2132 362 2177 nec
383 2109 449 2174 Deo
468 2155 477 2190 ,
493 2128 550 2178 nec
571 2111 711 2184 proximo
735 2127 862 2186 grauem
883 2107 994 2172 inserat
1023 2111 1070 2171 in·
1104 2107 1233 2184 gloriam
1257 2107 1356 2183 parit,
1373 2107 1422 2170 vel
1445 2103 1522 2172 salso
1541 2128 1629 2184 putat
1648 2133 1755 2188 parere
1767 2114 1875 2192 posse,

304 2184 809 2268 50312m‚20910ind0saepenon
834 2204 981 2265 repugnat
1001 2207 1070 2265 gra·
1106 2184 1157 2250 vel
1184 2185 1333 2262 gloriatur
1356 2185 1393 2248 de
1419 2203 1570 2264 peccato.
1605 2191 1796 2270 Quandoque
1827 2193 1873 2258 est

306 2274 389 2336 viter
403 2267 552 2334 charitati
608 2287 665 2334 nec
685 2283 813 2344 gravem
828 2269 968 2350 continet
988 2269 1070 2330 inor·
1110 2281 1270 2340 peccatum
1287 2264 1432 2344 veniale,
1450 2269 1571 2342 quando
1585 2263 1700 2336 scilicet
1716 2271 1872 2348 aliquirtle

307 2349 502 2415 ornationem
524 2368 536 2423 ,·
566 2315 604 2412 stt
634 2363 740 2412 tamen
759 2341 839 2420 sepe
864 2344 996 2410 mortale
1016 2364 1070 2422 per
1106 2341 1135 2408 le
1148 2343 1226 2410 talia
1243 2340 1333 2410 lasiae
1346 2391 1354 2418 .
1366 2365 1434 2420 quae
1451 2364 1548 2422 neque
1565 2345 1624 2412 srnt
1641 2368 1746 2417 contra
1756 2352 1871 2427 Deum,

307 2429 465 2504 accidens,
485 2423 728 2500 eodemmodo,
754 2444 814 2500 quo
835 2419 946 2490 diflum
969 2423 1012 2488 est
1033 2423 1069 2490 de
1106 2443 1205 2500 neque
1225 2440 1334 2487 contre
1356 2427 1546 2504 proximum,
1565 2425 1600 2494 dt
1621 2435 1771 2508 praecipue
1790 2429 1812 2492 n
1830 2430 1872 2495 ιιι
1933 2451 1939 2460 ·

306 2507 507 2584 Ambitione,
521 2505 572 2571 vel
589 2507 711 2570 ratione
730 2505 893 2579 materia,
914 2519 949 2567 ut
971 2502 991 2566 ιι
1009 2503 1071 2582 glo·
1086 2541 1090 2560 ·
1104 2502 1143 2566 de
1163 2500 1251 2566 rebus
1271 2501 1358 2568 bonis
1372 2550 1380 2580 ‚
1396 2521 1468 2581 puta
1487 2506 1626 2586 ieiunio,
1646 2513 1789 2574 oratione
1804 2509 1870 2576 &o

192 2608 196 2616 ·
303 2590 414 2664 piatio,
434 2584 485 2653 pel
509 2586 575 2654 laus
591 2599 755 2662 queratur
782 2603 823 2653 ex
839 2603 872 2648 re
890 2583 1071 2650 mortaliter
1106 2584 1162 2648 Pet
1182 2582 1319 2646 accidens
1342 2603 1417 2646 vero
1433 2581 1469 2649 ht
1479 2586 1629 2666 mortalis,
1643 2605 1679 2653 ut
1696 2587 1718 2652 ιι
1734 2588 1806 2668 quid
1825 2589 1872 2652 ‹n-

301 2667 383 2734 mala
399 2686 431 2736 p.
454 2688 480 2746 g.
512 2685 552 2730 ex
569 2663 773 2732 fornicatione
796 2712 806 2738 ,
831 2683 870 2727 ex
894 2664 981 2744 gravi
1003 2663 1071 2729 uin·
1106 2677 1198 2726 catur
1218 2661 1465 2739 contragloriam
1475 2663 1555 2742 Dei,
1574 2667 1872 2733 iuut'uillud·Ezech.

304 2746 385 2812 urna
403 2769 413 2824 ς
433 2749 506 2823 quia
527 2744 706 2824 approbatio
734 2745 833 2822 operis
867 2744 954 2818 pravi
977 2741 1070 2808 habet
1104 2739 1154 2805 28.
1177 2741 1338 2806 situatum
1358 2741 1396 2820 est
1413 2759 1458 2806 ror
1473 2753 1575 2820 auum,
1592 2745 1765 2827 onusti:
1788 2753 1873 2814 orus

302 2849 373 2892 cum
394 2826 448 2890 illo
466 2823 603 2890 eamdem
618 2823 747 2900 lpeciem
776 2823 894 2902 peccati
915 2843 927 2901 ,·
955 2822 1005 2887 vel
1022 2843 1070 2888 ru·
1086 2796 1254 2961 iugulum.
1272 2820 1351 2884 ltem
1373 2823 1495 2888 rarione
1511 2827 1612 2900 gravis
1630 2822 1762 2890 scandali
1782 2875 1792 2906 ,
1817 2829 1873 2892 dc·

1106 2921 1193 2976 mm,
1212 2899 1432 2977 contumelia,
1451 2901 1487 2966 dt
1501 2919 1696 2979 mntemptus
1716 2908 1870 2986 proximi3

303 2987 369 3063 quir
386 3001 561 3062 prorumpat
590 2985 623 3046 in
664 3003 770 3050 ravem
799 2982 880 3047 illius
907 2999 1070 3046 conrume·
1106 2977 1127 3042 ιι
1157 2998 1196 3046 ex
1212 2977 1275 3042 fine
1296 2979 1397 3058 malo,
1418 2998 1475 3046 aur
1514 2982 1639 3048 loriatio
1662 2983 1700 3050 stt
1715 2986 1755 3050 de
1773 3006 1872 3062 opere

303 3068 378 3131 liam
399 3111 408 3142 ,
443 3061 609 3134 cniuhnodi
639 3004 699 3128 suit
727 3061 873 3126 inhiantia
901 3061 1042 3154 Pharisaei
1062 3061 1245 3154 ,graviter
1264 3057 1417 3152 malo,·ut
1434 3061 1472 3124 de
1487 3003 1716 3138 summeium,
1740 3065 1874 3145 duello,

303 3147 355 3226 qui
376 3145 470 3211 Luca:
495 3143 541 3206 ιιι.
559 3139 589 3205 se
605 3139 779 3207 extollebat
790 3162 860 3205 cum
875 3140 1003 3204 alterius
1021 3139 1089 3204 rie-⁵
1106 3137 1167 3206 &o
1184 3157 1254 3213 quta
1271 3137 1398 3204 includit
1416 3140 1667 3216 approbationem
1682 3145 1766 3208 adim
1783 3145 1877 3225 mali,

304 3221 457 3290 iestione.
485 3221 616 3290 Dicebat
631 3223 714 3284 enim
735 3243 743 3282 t
775 3241 832 3284 non
846 3219 916 3297 sum
927 3221 1003 3300 ficui
1017 3238 1071 3282 cae·
1087 3226 1090 3251 ¹
1106 3217 1187 3282 unde
1203 3214 1339 3282 eumdem
1355 3239 1426 3282 cum
1447 3219 1501 3286 illo
1525 3221 1615 3286 habet
1640 3222 1762 3300 speciem
1778 3223 1875 3288 mali·

305 3303 365 3370 deri
385 3301 516 3372 homines
537 3310 684 3380 raptores,
700 3298 822 3442 iniusti,
838 3297 968 3362 adulteri
984 3345 995 3377 ,
1013 3299 1067 3364 vel
1086 3259 1091 3404 Ι
1107 3299 1163 3361 tiz
1186 3317 1195 3360 t
1218 3315 1289 3360 nam
1308 3293 1385 3361 sicut
1406 3297 1530 3363 laudare
1547 3321 1622 3379 opnr
1651 3302 1808 3379 mortale,
1832 3319 1875 3368 ut

305 3395 340 3448 ui
364 3381 455 3452 etiam
469 3381 516 3448 hir
530 3377 727 3448 Publicianus.
771 3395 835 3442 tem
863 3377 884 3440 ιι
908 3379 947 3441 -ιιι
975 3378 1071 3456 glorie
1107 3373 1292 3454 vindislam,
1313 3371 1448 3456 lurtum,
1464 3377 1525 3444 dtr.
1548 3384 1595 3444 ita
1615 3380 1652 3448 de
1669 3381 1715 3448 his
1731 3382 1874 3461 gloriari,

304 2907 392 2970 tione
411 2903 554 2970 notabilis
574 2905 675 2970 damni
697 2907 837 2982 proximo
859 2899 935 2966 illati
955 2947 966 2981 ,
991 2919 1028 2966 ut
1048 2901 1070 2964 ιι

304 3463 438 3530 humana
457 3479 592 3540 ponatur
613 3460 681 3524 linis
701 3459 850 3535 ultimus,
872 3458 977 3522 omnia
988 3457 1025 3522 ad
1035 3457 1071 3523 il·
1097 3453 1149 3520 est
1173 3454 1327 3535 mortale3
1346 3477 1418 3522 cum
1432 3476 1626 3535 opponantur
1641 3461 1876 3538 eidemvirtuti,

219 3577 224 3584 ·
307 3543 371 3608 lum
387 3538 562 3610 referendo.
582 3540 742 3609 Ceterum
758 3537 893 3605 debitum
912 3537 1069 3615 honorem,
1105 3555 1174 3611 qne
1195 3535 1257 3600 tale
1273 3556 1348 3613 opus
1365 3552 1475 3612 vetat,·
1491 3543 1606 3602 etenim
1622 3543 1739 3617 quaevis
1772 3543 1877 3606 virtus

306 3622 456 3704 gloriam,
477 3622 619 3698 laudem,
635 3619 773 3687 savorem
793 3617 979 3696 hominum,
1007 3637 1069 3682 non
1106 3635 1168 3680 non
1192 3614 1289 3679 solum
1301 3613 1416 3695 obligat
1434 3618 1470 3680 ad
1497 3615 1622 3696 aslum,
1646 3641 1739 3696 quem
1762 3619 1877 3686 diredie

325 3720 428 3781 ropter
446 3699 477 3766 se
496 3750 505 3780 ,
534 3700 580 3768 sed
597 3715 719 3778 propter
735 3699 881 3766 honorem
898 3698 956 3762 Dei
979 3745 989 3776 ,
1015 3696 1069 3764 vel
1107 3696 1243 3773 praecipit
1265 3743 1275 3774 ‚
1300 3693 1349 3758 led
1370 3697 1466 3759 etiam
1483 3697 1624 3764 indiresie
1639 3698 1754 3778 obligat
1769 3699 1803 3765 &
1821 3718 1877 3765 ue·

303 3725 419 3847 florium
438 3783 567 3859 proximi
580 3796 762 3856 acceptare,
783 3777 1070 3844 autmoderateert·
1106 3791 1156 3840 tut
1175 3820 1184 3850 ,
1203 3794 1243 3838 ne
1263 3771 1326 3852 ipsa
1342 3791 1560 3842 contemnatur
1585 3795 1640 3842 aut
1664 3781 1880 3844 irreverenter.

302 3879 426 3939 petere,
449 3859 571 3926 nonest
593 3875 752 3932 peceatum
770 3905 779 3938 ,
794 3855 843 3921 sed
863 3854 946 3922 attus
968 3856 1068 3922 thati-
1106 3853 1273 3930 tradieturp
1296 3870 1332 3920 ut
1348 3858 1522 3936 contingit,
1541 3857 1663 3932 quando
1678 3861 1746 3934 quis
1764 3857 1878 3937 gloria·

304 3943 399 4016 tetis,
420 3955 456 4002 ut
478 3943 522 4004 ait
538 3939 567 4002 S.
587 3938 740 4004 Thomas.
758 3953 823 4002 ua.
844 3951 954 4014 4132.
976 3943 1066 4002 artssr.
1107 3950 1160 3998 tur
1175 3931 1213 3996 de
1233 3933 1297 3998 eins
1314 3933 1507 4018 violatione,
1533 3938 1583 4002 vel
1606 3937 1877 4018 quandoeiusvio·

343 4018 495 4099 Quamvis
523 4018 707 4096 vanagloria
733 4013 772 4080 ιιι
802 4015 863 4080 iilia
883 4013 1038 4088 Superhiae
1059 4062 1069 4095 ,
1104 4013 1183 4081 latio
1204 4011 1351 4078 laudatur
1371 4016 1403 4077 in
1424 4014 1504 4082 alio.

304 4116 412 4164 tamen
432 4117 451 4162 a
470 4096 498 4162 S·
521 4094 643 4163 Thomu
663 4092 729 4173 post
755 4094 1007 4175 hermonum,
1033 4111 1068 4160 ut
1145 4092 1194 4159 De
1223 4093 1457 4171 presumptione
1483 4099 1654 4173 generatim
1685 4094 1874 4162 sufficimtee
1892 4108 2014 4178 Quirite

304 4195 399 4244 autea
416 4177 619 4253 notavimus,
637 4191 816 4241 numeretur
833 4178 916 4238 inter
932 4177 1068 4240 vitiaca·
1104 4189 1197 4240 antea
1215 4174 1276 4236 iam
1287 4169 1383 4235 aslum
1400 4172 1461 4252 eli,
1477 4175 1628 4251 loquendo
1643 4175 1681 4240 de
1697 4175 1876 4240 filiabursu·
1899 4173 2015 4248 prusam

304 4259 439 4338 pitalia‚
462 4277 501 4322 co
521 4254 600 4334 quod
621 4254 682 4321 alia
712 4252 825 4332 septem
840 4271 880 4318 ex
901 4275 939 4320 ea
960 4257 1067 4322 imme·
1104 4251 1236 4331 perbiae.
1259 4249 1348 4314 Unde
1367 4253 1415 4316 hic
1435 4251 1530 4318 solum
1546 4259 1628 4319 circa
1644 4276 1875 4336 ermagereoc·
1893 4251 1972 4304 ΡΜ·

303 4338 387 4402 diate
407 4340 571 4416 oriantur,
602 4335 745 4400 nimimm
764 4333 999 4414 inobedientia,
1022 4340 1067 4400 ia·
1103 4335 1223 4410 currit,
1245 4348 1336 4409 prout
1356 4329 1399 4395 ιιι
1416 4336 1593 4402 novitatum
1612 4356 1681 4414 quae
1697 4331 1877 4420 salltsuot,

302 4415 434 4495 stantia,
453 4411 641 4502 hypocrifis,
656 4414 819 4479 contentio
837 4457 846 4490 ‚
864 4416 1036 4490 pertinacia
1054 4465 1063 4496 ,
1103 4411 1156 4480 sub
1171 4431 1232 4488 qno
1254 4409 1386 4486 respediu
1406 4411 1450 4476 est
1468 4413 1651 4496 hypocrisis.

302 4493 450 4560 discordia
472 4497 527 4574 ,dt
548 4497 692 4561 inventio
710 4495 889 4560 novitatum
909 4517 919 4572 ;
940 4496 1017 4557 vitia
1034 4515 1067 4560 e·
1142 4491 1305 4576 Hypocrifis
1326 4492 1369 4558 eli
1390 4489 1542 4562 fimulatio
1560 4497 1706 4574 virtutis,
1727 4516 1786 4573 qua
1801 4494 1875 4570 quie
1951 4505 2011 4582 Quid

303 4579 368 4640 nim
390 4622 398 4651 ‚
427 4597 494 4652 que
511 4576 547 4640 ad
564 4573 659 4641 finem
677 4573 807 4639 alicuius
838 4575 909 4638 vitii
926 4575 1064 4650 capitulis
1104 4591 1157 4652 per
1178 4573 1279 4649 aliqua
1298 4569 1378 4636 bona
1393 4593 1507 4652 opera,
1522 4595 1589 4650 quae
1611 4573 1684 4640 sacir
1703 4573 1874 4652 praecileut
1890 4580 2011 4644 UW·

303 4654 504 4731 ordinantur,
524 4653 667 4720 dicuntur
687 4654 838 4719 eiusfiliae
860 4656 871 4730 (
882 4655 926 4718 ait
943 4655 969 4716 S.
983 4652 1067 4720 Tho·
1104 4651 1286 4728 videantur,
1302 4649 1389 4731 lingit
1411 4649 1439 4716 se
1457 4655 1605 4718 virtutem
1625 4655 1734 4723 habere
1749 4705 1758 4734 ‚
1774 4674 1873 4734 quam
1892 4637 1953 4698 ὼ*
2018 4709 2023 4725 .

303 4754 368 4804 mas
388 4755 417 4800 a.
438 4752 467 4798 u.
489 4755 516 4814 q.
540 4749 607 4814 r3a.
628 4753 656 4806 a.
676 4734 724 4815 5.)
743 4733 827 4826 Finit
844 4749 949 4805 autem
968 4735 1067 4804 inanit
1104 4751 1168 4802 non
1188 4731 1302 4812 haber,
1320 4731 1369 4802 vel
1389 4735 1536 4820 maiorem
1552 4755 1643 4813 quam
1662 4735 1878 4882 habeamdgo-
