4058 5460
369 205 447 300 284
597 205 953 286 Tnacrarus
993 227 1059 280 oe
1099 207 1382 282 taccam
1419 207 1543 282 Cae.
1572 207 1616 282 ll·

314 303 357 372 do
372 318 511 386 peccaret
522 299 567 384 ,n
589 303 639 370 rel
661 301 815 372 furaretur
835 302 1013 383 denarium,
1035 301 1086 369 rel
1122 301 1239 368 recuset
1259 307 1452 370 conmittere
1473 324 1633 384 peecatum
1647 309 1796 388 mortale,
1814 313 1895 380 ideu

315 383 428 470 aliquid
445 399 567 450 tantum
582 379 650 450 alfia
668 383 740 450 dare
764 387 929 450 omitteret
947 384 1087 462 pauperi·
1124 403 1248 460 perteue
1267 385 1310 448 ita
1325 381 1363 446 fit
1384 383 1505 449 alferius
1516 433 1526 464 ,
1547 405 1582 450 ut
1603 387 1633 449 id
1669 386 1727 451 uod
1747 387 1824 457 lacit
1844 393 1891 460 la·

315 463 389 532 but.
411 463 537 528 Hinea.
558 463 696 542 graviter
716 483 851 542 peccat,
876 466 991 542 quidie
1012 467 1089 528 ieiu·
1122 481 1205 528 teret
1231 465 1326 526 etiam
1358 461 1378 525 li
1408 464 1498 530 sciret
1529 465 1603 528 illud
1632 407 1694 530 elle
1725 487 1890 544 peceatum

317 547 362 610 nii
385 564 483 621 pauca
499 535 608 620 saepius
628 545 762 610 eomedit
781 590 792 621 ,
813 545 863 621 qui
888 547 920 608 in
948 545 995 608 die
1013 539 1088 607 fello
1123 541 1273 606 mortale.
1295 541 1365 605 Hoc
1382 547 1465 606 enirn
1484 547 1640 624 contingit
1652 547 1775 621 quando
1806 572 1837 615 v.
1858 575 1887 634 g.

316 621 398 704 [ιρι
415 643 471 704 per
491 621 610 692 modica
632 622 799 688 intervalla
818 627 964 699 temporit
985 621 1087 688 elabo-
1123 641 1239 688 avarur
1262 618 1304 684 ell
1327 623 1371 685 ita
1393 620 1514 687 affatius
1535 624 1571 688 ad
1604 629 1793 705 pecuniam,
1820 653 1887 696 mu·

315 701 445 778 tardet.
463 703 514 779 qui
531 697 652 782 singulis
676 699 843 770 alternisue
865 700 1087 768 menlirdiebua
1124 700 1180 764 lier
1201 700 1238 764 ad
1254 695 1283 762 se
1302 701 1501 778 ornandum,
1529 721 1565 766 ut
1595 722 1704 770 neuter
1727 706 1887 774 dubitaret

320 781 443 860 aliem,
468 779 520 848 vel
544 786 666 848 unciam
695 779 818 846 furatur
846 779 908 848 dte.
936 785 1006 860 quia
1031 781 1086 845 illa
1120 779 1226 846 oblata
1243 777 1401 843 uacatione
1434 785 1535 858 potina
1558 784 1752 849 committere
1780 808 1887 865 pecca·

319 861 451 942 paucula
465 861 630 926 moraliter
646 859 888 940 conuelluntur,
903 879 997 936 atque
1018 877 1086 930 tan·
1122 876 1188 923 tum
1207 859 1337 922 mortale
1352 908 1362 937 ,
1377 879 1468 936 quarn
1489 881 1583 926 unum
1608 881 1714 928 carere
1734 871 1864 942 pecunia

317 941 387 1008 alem
403 941 436 1004 in
456 961 549 1006 unam
566 937 714 1006 summam
729 938 859 1004 totalem
885 939 1088 1018 coalescunt,
1121 959 1182 1002 non
1209 936 1366 1018 indulgere
1392 939 1520 1002 alteram
1546 942 1682 1006 vanitati
1713 965 1723 1021 ;
1751 943 1785 1010 dt
1810 918 1887 1012 tunc’

319 1017 654 1164 iltttdrblti‘
673 1021 1087 1164 retrituratur&
1119 1015 1667 1166 {inutilitate-⁸2⁰3?
1687 1025 1820 1090 ‘'m'‘
1836 1049 1885 1093 ‘²'

317 1122 451 1248 {ialirer
468 1143 572 1256 peceat
603 1114 677 1256 ,gbl
697 1176 818 1271 singulis
834 1173 915 1270 sellia
930 1199 983 1254 per
1003 1177 1086 1270 bort
1120 1175 1208 1270 dunt,
1221 1117 1573 1270 ldhoelaril'nonetibJ
1591 1118 1885 1321 puolefflsslbssr

317 1259 524 1338 quadrantem
544 1256 682 1333 laborat,
700 1277 752 1334 qur
768 1256 1025 1332 aliquibuadiebur
1041 1277 1086 1320 re·
1122 1253 1243 1319 veniale
1261 1249 1380 1320 feratur
1401 1259 1492 1322 nimia
1507 1261 1628 1323 inteno
1653 1257 1760 1326 affedln
1786 1267 1818 1326 in
1834 1267 1888 1331 ob·

319 1341 399 1412 iunii
415 1386 424 1416 ,
438 1355 513 1414 puta
528 1339 624 1402 etiarn
641 1356 693 1415 per
712 1352 812 1401 totam
833 1335 1087 1415 quadragesimam
1122 1331 1229 1398 iedlum
1247 1335 1334 1408 eiua,·
1351 1331 1399 1397 led
1416 1353 1491 1402 tune
1512 1336 1586 1401 illud
1601 1343 1709 1404 evenit
1727 1389 1736 1418 ,
1763 1342 1887 1419 quando

317 1418 457 1498 quotidie
472 1415 602 1496 paucula
618 1416 750 1479 comedit
769 1415 830 1482 &o
847 1419 916 1495 quia
933 1435 1087 1492 praerepta
1122 1415 1188 1490 quir
1212 1432 1249 1477 err
1268 1411 1377 1478 affetu
1389 1419 1560 1480 committit
1592 1436 1750 1495 peecatum
1778 1441 1817 1488 ear
1838 1444 1887 1501 ge·

319 1517 384 1575 pon
402 1495 560 1562 laborandi
569 1494 671 1560 diebus
682 1491 785 1573 fellis,
800 1496 953 1562 ieiunandi
971 1499 1086 1571 inqua
1121 1512 1193 1558 nere
1216 1489 1268 1556 suo
1285 1493 1426 1570 veniale,
1443 1511 1479 1560 ut
1500 1495 1597 1560 vellet
1617 1498 1692 1563 illud
1710 1503 1888 1565 committe·

319 1577 512 1658 dragesima,
541 1571 678 1642 afficiunt
704 1570 834 1653 singulm
853 1573 915 1638 dier
944 1577 974 1636 in
993 1577 1086 1651 parti·
1122 1593 1154 1636 re
1177 1573 1273 1637 etiam
1289 1568 1536 1648 transgrediendo
1553 1579 1883 1660 praeceptumobliganr

320 1657 419 1722 tulari
434 1703 444 1735 ,
461 1652 496 1721 ἀ
516 1675 578 1720 una
592 1675 665 1720 tum
685 1653 732 1718 die
751 1656 913 1730 expirant.
935 1651 1086 1731 Undequi
1122 1650 1174 1717 sub
1192 1650 1335 1715 mortali.
1361 1651 1400 1714 Et
1420 1648 1458 1717 sac
1483 1653 1667 1736 intelligitur
1689 1656 1812 1724 affedlus
1833 1660 1884 1724 ille

322 1737 547 1814 liudiepeceat,
558 1731 779 1812 transgreditur
789 1749 993 1810 praeceptum,
1009 1732 1088 1810 quod
1122 1734 1173 1808 qui
1196 1733 1240 1794 ita
1254 1729 1425 1794 inordinate
1442 1731 1596 1798 afficiatur
1614 1735 1651 1798 ad
1668 1733 1811 1818 fabular,
1840 1739 1886 1802 lu·

321 1815 411 1882 bodie
426 1817 533 1894 uiget,
550 1833 611 1878 uon
631 1813 709 1888 quod
727 1811 789 1875 beri
798 1811 973 1894 obligabat.
997 1815 1087 1876 idern·
1123 1811 1215 1884 dum,
1230 1807 1323 1874 verba
1338 1811 1437 1876 oriola
1456 1811 1509 1887 ,ἀ
1530 1812 1697 1879 huiusmodi
1716 1865 1724 1894 ,
1741 1835 1778 1880 ut
1795 1817 1889 1882 malit

320 1915 380 1976 que
399 1894 497 1962 dicito
515 1893 555 1964 ob
573 1891 712 1958 eamdem
735 1895 891 1957 rationem
910 1892 948 1956 de
967 1889 1088 1970 fingulir
1123 1891 1170 1954 die
1190 1885 1267 1954 lello
1279 1887 1406 1954 Sacrum
1422 1895 1567 1956 amittere
1589 1940 1598 1969 ,
1621 1913 1708 1971 quarn
1734 1896 1796 1960 illia
1825 1901 1891 1975 pri·

322 1973 445 2042 boiulte
477 1975 602 2058 genen'r
627 1987 849 2052 praceptorum
888 1969 1088 2050 transgreffio·
1123 1970 1219 2062 rari..
1237 1983 1265 2061 ι.
1282 1970 1405 2034 ratione
1420 1975 1523 2062 grauia
1539 1969 1671 2037 scandali
1691 2021 1700 2052 ,
1720 1975 1800 2050 quod
1822 1979 1892 2050 quir

321 2055 427 2122 nibus.
721 2111 724 2118 ,
1125 2048 1287 2128 praevidit,
1308 2064 1362 2112 aut
1383 2049 1551 2124 prandere
1569 2055 1705 2128 potuerit
1726 2051 1762 2120 dt
1776 2053 1890 2119 debue-

364 2137 532 2200 Pectatum
558 2131 666 2197 itidem
689 2153 728 2198 err
752 2151 863 2212 genere
888 2129 944 2197 suo
967 2132 1089 2199 veniale
1124 2131 1164 2193 ιιι
1187 2145 1225 2192 ex
1243 2123 1299 2192 suo
1321 2144 1445 2202 peccato
1465 2127 1662 2208 secuturum,
1681 2132 1754 2200 utsr
1777 2135 1888 2199 extali

322 2213 389 2282 fieri
406 2210 503 2292 potell
520 2212 652 2276 mortale
669 2232 721 2289 per
741 2213 902 2288 attidenr;
922 2209 1011 2278 &ad
1033 2213 1089 2276 hoc
1125 2223 1273 2287 peceato,
1295 2203 1367 2270 idest
1387 2227 1426 2274 err
1444 2210 1560 2274 veniali
1582 2209 1719 2276 irrisione
1735 2213 1884 2290 alteriue,

323 2293 398 2360 satir
418 2289 462 2356 ell
482 2339 493 2371 ,
514 2308 557 2360 ut.
572 2286 683 2356 aelioni
698 2292 736 2356 de
762 2290 793 2355 se
814 2292 981 2358 venialiter
999 2292 1089 2356 malae
1124 2305 1159 2352 ut
1181 2285 1341 2365 praevilum
1363 2285 1443 2362 luit,
1460 2285 1631 2367 praebeatur
1649 2289 1891 2357 eioteasrobla·

323 2389 379 2440 aut
398 2375 493 2438 etiam
513 2367 699 2438 indifferenti
715 2370 846 2436 addatur
860 2371 1092 2443 circumstantia
1124 2364 1317 2443 sphemandi,
1337 2365 1388 2430 vel
1405 2369 1588 2444 gravirirz,
1604 2367 1695 2434 autsr
1712 2375 1779 2448 quis
1795 2371 1888 2436 verba

322 2451 497 2520 mortaliter
516 2450 598 2518 mala
618 2497 627 2528 ,
649 2471 716 2526 quae
732 2467 837 2516 tamen
867 2449 956 2514 debet
976 2451 1036 2520 elle
1051 2469 1090 2513 ex
1126 2443 1221 2512 iocosa
1239 2441 1373 2523 proferat
1395 2467 1494 2522 praeco
1515 2445 1638 2514 noscens
1654 2447 1730 2516 alios
1748 2455 1891 2516 excitan-

323 2534 395 2610 his,
413 2551 481 2608 que
502 2527 630 2608 speciem
646 2548 799 2608 mutant,
829 2549 939 2606 nempe
962 2545 1090 2612 gravem
1125 2527 1177 2592 dos
1197 2525 1234 2594 ad
1256 2523 1348 2592 verba
1369 2525 1478 2592 inhone
1504 2549 1540 2594 a.
1563 2553 1598 2611 4.
1628 2533 1752 2596 ratione
1779 2527 1890 2596 forma·

323 2611 558 2680 deformitatem
578 2613 703 2674 alterius
720 2611 837 2688 generis
855 2607 1028 2675 afferendo.
1050 2610 1091 2676 Et
1127 2606 1163 2671 lis
1179 2622 1373 2683 contemptus
1389 2607 1500 2687 regulae
1520 2658 1529 2686 ,
1552 2610 1693 2677 mandati
1714 2657 1723 2686 ,
1749 2611 1824 2691 legia
1844 2607 1890 2672 lui

323 2691 384 2759 lior
399 2712 462 2756 non
476 2685 644 2764 difficiliter
664 2687 729 2754 fieri
741 2689 900 2766 potem&
915 2689 1093 2771 identidem,
1125 2687 1317 2766 Superioris,
1333 2687 1384 2752 vel
1406 2687 1496 2766 ipsius
1515 2689 1683 2768 Superioris
1702 2690 1737 2756 dr
1759 2693 1803 2755 Le
1823 2690 1892 2754 isla·

322 2777 420 2838 immo
441 2788 511 2836 tota
529 2767 578 2834 die
597 2771 655 2834 hoc
670 2772 821 2846 contingit
840 2774 872 2834 iu
887 2767 936 2836 lex
956 2770 1090 2838 casabus:
1127 2770 1202 2833 toria
1213 2791 1224 2846 ,·
1246 2769 1317 2846 qrria
1334 2765 1390 2858 hoe
1408 2767 1490 2832 redit
1510 2771 1542 2832 in
1573 2769 1703 2835 dedecus
1731 2713 1892 2846 patellam

324 2855 424 2932 primo
445 2848 522 2914 srtx
541 2868 672 2918 erronea
685 2849 875 2918 oonleientla
898 2867 980 2929 ,aut
1000 2852 1091 2916 dubia
1125 2849 1324 2932 legislatoris
1344 2845 1453 2913 Davini
1469 2847 1504 2914 ἀ
1526 2848 1668 2927 humanit
1686 2850 1892 2924 quienimSu·

322 2932 466 3004 credatur
485 2927 540 2996 vel
561 2927 718 2998 dubitetur
737 2930 836 2994 idelle
849 2932 1000 3007 mortale,
1015 2929 1092 3008 quod
1126 2931 1263 3014 periuret
1279 2927 1409 3003 ipernir,
1425 2924 1522 3004 ipsum
1531 2927 1629 2993 Deum
1645 2928 1776 3006 spernit·
1795 2930 1890 2992 idem·

261 3040 266 3049 ·
323 3010 367 3078 ess
390 3030 516 3077 tantum
537 3011 685 3087 veniale,
708 3027 744 3076 ut
771 3007 791 3072 ιι
815 3013 881 3086 quia
900 3009 972 3074 dum
993 3011 1093 3074 iocose
1126 3027 1186 3083 qrre
1206 3006 1397 3071 lentiendum
1419 3005 1456 3069 de
1476 3026 1658 3086 contemptu
1684 2978 1819 3074 consiliis
1834 3007 1891 3070 Di·

324 3094 481 3158 mentitur
501 3089 706 3166 apprehendat
736 3091 768 3152 in
797 3109 835 3154 eo
863 3109 988 3168 gravem
1004 3089 1091 3156 mali·
1127 3088 1222 3150 vinis.
1245 3084 1305 3148 Hic
1330 3102 1435 3150 tamen
1459 3087 1631 3152 notandum
1651 3107 1722 3152 eum
1739 3087 1890 3168 Angelito

320 3176 423 3247 tiam,
442 3168 494 3234 vel
513 3167 634 3234 dubitet
655 3189 715 3247 ‚an
733 3167 769 3255 iit
797 3173 899 3246 gravis
922 3193 932 3231 .·
959 3191 1045 3234 error
1061 3189 1093 3232 e·
1125 3163 1163 3228 D.
1185 3185 1212 3226 a.
1234 3183 1262 3228 a.
1278 3186 1305 3239 q.
1326 3168 1392 3241 136.
1410 3183 1467 3230 art.
1476 3183 1507 3244 9.
1527 3165 1560 3232 dr
1578 3168 1645 3231 aliis
1660 3169 1889 3246 communiter,

324 3252 390 3316 nim
409 3298 418 3325 ,
448 3268 509 3326 quo
527 3248 664 3313 ereditur
690 3247 750 3310 elle
772 3248 904 3312 mortale
927 3248 1007 3324 quod
1030 3267 1092 3312 non
1126 3244 1208 3322 quod
1228 3260 1302 3308 tunc
1323 3243 1431 3320 aliquis
1457 3245 1689 3325 transgreditur,
1705 3263 1896 3324 praereptum

328 3327 372 3396 eu
390 3329 539 3404 mortale,
554 3347 593 3392 ear
613 3324 804 3394 conlcientia
825 3327 900 3406 ligat
927 3327 966 3390 ad
986 3347 1093 3403 peeca-
1126 3344 1165 3390 ιι
1184 3340 1385 3400 contemptu,
1400 3324 1520 3400 qnando
1540 3324 1685 3392 voluntas
1701 3331 1768 3392 eiua
1788 3329 1893 3390 renuit

324 3407 676 3484 tunimortale,uterr
702 3407 730 3470 S.
752 3405 876 3471 Thomu
898 3406 1042 3482 Quodlib.
1063 3431 1093 3486 q.
1130 3401 1233 3470 subiici
1255 3405 1444 3469 ordinationi
1466 3404 1635 3484 legitvelr
1676 3406 1735 3470 ulae
1756 3405 1895 3471 suiordi·

323 3509 356 3570 7.
377 3506 437 3553 art.
455 3493 506 3565 rs·
524 3485 558 3556 dr
578 3491 631 3566 qui
651 3503 795 3571 operatur
818 3508 889 3551 eum
907 3485 1094 3554 conscientia
1126 3487 1204 3565 nis,
1236 3480 1269 3548 dr
1290 3503 1329 3546 ex
1349 3483 1404 3548 boc
1428 3483 1565 3560 procedit
1591 3484 1628 3548 ad
1657 3485 1819 3550 aciendum
1839 3485 1894 3547 ali·

328 3567 442 3648 dubia,
458 3567 640 3634 voluntarie
656 3569 685 3630 lt
709 3569 839 3645 exponit
868 3567 1004 3643 periculo
1023 3587 1093 3645 per·
1128 3562 1208 3641 quod
1229 3581 1338 3627 eontra
1356 3564 1451 3655 legem
1471 3564 1521 3628 l'eu
1538 3565 1697 3644 regulam;
1727 3563 1802 3630 idell
1819 3583 1892 3628 eon·

323 3647 433 3718 tandi.
462 3669 492 3714 a.
524 3647 645 3713 ratione
664 3643 763 3724 linis;
784 3645 819 3712 dr
848 3647 905 3711 boe
932 3645 1094 3724 dupliciter
1129 3661 1264 3720 temptus
1284 3638 1416 3706 formalis
1438 3659 1513 3707 tunt
1530 3641 1591 3720 fit,
1617 3643 1739 3722 quando
1753 3661 1895 3709 coutem-
1972 3672 1975 3676 ·

324 3732 506 3808 contingere
524 3723 623 3803 potest
641 3773 649 3802 ,
676 3727 729 3792 vel
745 3730 815 3804 quia
844 3724 963 3792 allione
980 3727 1094 3794 leviter
1130 3741 1200 3801 ptur
1217 3724 1360 3800 precepti
1380 3720 1423 3786 ιιι
1439 3723 1543 3786 caulla
1574 3723 1653 3788 illius
1674 3727 1795 3801 peccati
1810 3743 1896 3788 rom·

326 3805 539 3886 peccaminosa
560 3805 698 3884 quiasrbi
719 3824 868 3884 proponat
892 3807 985 3870 linem
1009 3827 1092 3875 mor·
1126 3801 1297 3868 mittendi:
1329 3819 1423 3878 atque
1441 3803 1509 3866 ideo
1529 3806 1595 3880 quis
1616 3820 1806 3882 praeceptum
1828 3806 1899 3882 vio-
1929 3859 1937 3876 ,

324 3888 436 3954 taliter
457 3888 595 3961 malum,
627 3881 678 3950 seu
695 3885 781 3952 illam
809 3885 926 3952 efficiat
946 3885 984 3950 ob
1000 3888 1093 3951 finem
1127 3884 1204 3960 lat,
1230 3883 1299 3959 quia
1326 3877 1409 3960 ipsr,
1439 3900 1494 3948 aut
1518 3883 1671 3960 Superiori
1702 3882 1895 3962 praeeipierrti
1924 3931 1928 3940 .

324 3967 499 4033 mortaliter
518 3965 653 4042 malum,·
675 3965 786 4043 putasr
806 3968 873 4041 quia
888 3965 1048 4046 eleganter
1062 3965 1094 4033 se
1126 3961 1273 4028 subiicere
1299 3959 1329 4026 le
1358 3981 1421 4026 non
1444 3963 1536 4029 vult.
1563 3963 1670 4041 Quare
1696 3981 1894 4041 contemptus
1920 3985 1936 4022 ·.

324 4063 436 4124 ornet,
452 4063 487 4110 ut
504 4045 624 4109 alliciat
641 4045 776 4121 aliquem
793 4047 830 4110 ad
846 4047 1001 4113 carnalem
1016 4066 1093 4112 eon·
1127 4039 1345 4108 formaliter&
1363 4041 1470 4107 diredle
1500 4042 1582 4107 cadit
1606 4061 1716 4110 contra
1744 4045 1842 4124 legem
1857 4063 1896 4120 ae

324 4126 546 4204 eupiltentiam
566 4171 575 4204 ,
599 4144 670 4188 tum
693 4124 796 4190 media
828 4126 974 4191 imbibant
1003 4129 1093 4191 mali·
1126 4121 1321 4201 legislatoris
1337 4118 1603 4203 superioritatem,
1618 4123 1774 4190 &exinde
1791 4141 1899 4201 petta-

325 4210 404 4272 tiam
420 4204 490 4270 bnis
507 4206 544 4271 ad
564 4224 655 4283 quem
676 4200 852 4268 referuntur
873 4227 883 4282 ;
901 4206 951 4270 vel
968 4211 1040 4284 quia
1060 4210 1093 4270 in
1128 4221 1196 4268 tum
1216 4222 1255 4266 ear
1276 4201 1391 4266 veniali
1412 4203 1545 4267 redditur
1567 4204 1715 4268 mortale.
1733 4225 1761 4281 5.
1774 4205 1895 4268 ratione

322 4286 441 4354 obietlo
461 4275 541 4350 illius
562 4285 685 4351 attioris
715 4283 886 4350 conllituat
910 4284 996 4350 suurn
1023 4286 1093 4351 ulti·
1128 4280 1254 4360 periculi
1297 4285 1412 4356 mxime
1432 4283 1625 4362 incidendiin
1642 4285 1775 4349 mortale
1813 4281 1896 4359 quod

321 4388 410 4439 mum
431 4365 524 4434 finem
541 4415 548 4442 ,
566 4365 629 4431 sive
648 4361 757 4458 direile
775 4361 810 4428 dt
830 4361 1027 4442 formaliter,
1056 4383 1092 4431 ut
1126 4303 1465 4455 quisquelubumortalr'
1488 4365 1591 4428 vitare
1605 4381 1753 4440 tenetur,·
1774 4331 1900 4444 betuna:

321 4468 397 4514 ‚turn
424 4452 448 4509 ir
475 4469 515 4512 err
530 4466 635 4512 errore
654 4443 829 4510 intellellua
851 4444 1007 4511 existimat
1029 4445 1093 4511 tale
1126 4445 1193 4518 quir
1209 4441 1265 4506 talr
1293 4439 1783 4525 eneulocenleturseerrponere,
1820 4457 1902 4506 uan-

325 4524 551 4593 obietlumelle
571 4528 656 4594 suum
683 4526 828 4590 ultimum
852 4523 972 4602 linem,
999 4523 1033 4590 bt
1058 4542 1093 4590 ut
1128 4521 1167 4616 do
1186 4519 1248 4616 sane
1266 4462 1427 4613 sufficienti
1443 4523 1566 4588 cautela
1589 4571 1599 4606 ,
1627 4543 1682 4589 aut
1712 4544 1789 4589 nece
1815 4535 1902 4586 itate

325 4607 364 4670 ad
381 4608 477 4671 talem
497 4604 595 4671 defert
608 4607 771 4682 honorem,
787 4603 1009 4680 velindiredle,
1032 4607 1093 4668 vir·
1128 4601 1239 4679 aliquid
1257 4599 1346 4676 latit,
1365 4615 1417 4678 per
1436 4603 1514 4678 quod
1531 4605 1561 4665 in
1583 4621 1744 4679 peecatum
1761 4599 1901 4668 mortale

324 4688 470 4762 tualiter,
493 4685 528 4754 dt
548 4689 803 4763 interpretarive,
826 4683 938 4749 hocell
959 4685 1092 4760 quodta·
1128 4681 1243 4745 labitur
1271 4729 1279 4756 ,
1305 4681 1355 4744 vel
1386 4683 1417 4742 in
1449 4687 1626 4758 proximum
1646 4683 1815 4761 pericolum
1829 4699 1904 4757 pte·

325 4767 397 4836 liter
411 4763 565 4834 obituum
579 4765 654 4838 illud
669 4764 801 4850 diligat,
820 4785 854 4835 ut
875 4763 914 4836 ob
935 4763 1011 4838 iilud
1032 4785 1093 4868 non
1127 4760 1215 4831 tandi
1236 4761 1427 4842 mortalitem
1449 4779 1484 4828 ut
1502 4763 1625 4840 quando
1642 4767 1708 4843 quir
1727 4759 1906 4830 otioserol·

1759 4843 1855 4924 loqu·
